{"sym":"XZECXXBT", "T":"Trade",  "P":0.01947, "Q":0.1, "TS":1538409720.3813, "side": "s", "TS2":1538409725312345678}
{"sym":"XETHZUSD", "T":"Trade",  "P":226.85, "Q":0.02, "TS":1538409733.3449, "side": "b", "TS2":1538409738812345678}
{"sym":"XETHZUSD", "T":"Trade",  "P":226.85, "Q":4.98, "TS":1538409733.3502, "side": "b", "TS2":1538409738812345678}
{"sym":"XXBTZUSD", "T":"Trade",  "P":6538.8, "Q":1, "TS":1538409739.0962, "side": "s", "TS2":1538409748312345678}
{"sym":"XXBTZUSD", "T":"Trade",  "P":6538.2, "Q":0.498558, "TS":1538409739.1111, "side": "s", "TS2":1538409748312345678}
{"sym":"XXBTZUSD", "T":"Trade",  "P":6537.9, "Q":3.058, "TS":1538409739.1144, "side": "s", "TS2":1538409748312345678}
{"sym":"XXBTZUSD", "T":"Trade",  "P":6537.7, "Q":0.443441, "TS":1538409739.1173, "side": "s", "TS2":1538409748312345678}
{"sym":"XXBTZUSD", "T":"Trade",  "P":6537.7, "Q":4.2e-07, "TS":1538409739.1207, "side": "s", "TS2":1538409748312345678}
{"sym":"XXLMXXBT", "T":"Trade",  "P":3.939e-05, "Q":750, "TS":1538409744.8845, "side": "b", "TS2":1538409749912345678}
{"sym":"ADAEUR", "T":"Trade",  "P":0.07207, "Q":44, "TS":1538409736.0906, "side": "b", "TS2":1538409757012345678}
{"sym":"XETHZUSD", "T":"Trade",  "P":226.61, "Q":2.15891, "TS":1538409749.4185, "side": "s", "TS2":1538409764512345678}
{"sym":"XXBTZUSD", "T":"Trade",  "P":6537.7, "Q":0.556558, "TS":1538409749.2599, "side": "s", "TS2":1538409768612345678}
{"sym":"XXBTZUSD", "T":"Trade",  "P":6537.6, "Q":3.057, "TS":1538409749.2705, "side": "s", "TS2":1538409768612345678}
{"sym":"XXBTZUSD", "T":"Trade",  "P":6537.4, "Q":1.38644, "TS":1538409749.2755, "side": "s", "TS2":1538409768612345678}
{"sym":"XXBTZUSD", "T":"Trade",  "P":6537.4, "Q":4.2e-07, "TS":1538409749.2809, "side": "s", "TS2":1538409768612345678}
{"sym":"XXRPXXBT", "T":"Trade",  "P":8.437e-05, "Q":2000, "TS":1538409757.6024, "side": "b", "TS2":1538409771712345678}
{"sym":"XETHZUSD", "T":"Trade",  "P":226.84, "Q":5, "TS":1538409764.7683, "side": "b", "TS2":1538409785712345678}
{"sym":"XETHZUSD", "T":"Trade",  "P":226.84, "Q":20, "TS":1538409764.7899, "side": "b", "TS2":1538409785712345678}
{"sym":"XXMRXXBT", "T":"Trade",  "P":0.017468, "Q":0.1, "TS":1538409785.4071, "side": "b", "TS2":1538409793512345678}
{"sym":"XETHZUSD", "T":"Trade",  "P":226.83, "Q":0.5, "TS":1538409797.8828, "side": "b", "TS2":1538409808512345678}
{"sym":"XETHZUSD", "T":"Trade",  "P":226.57, "Q":0.11, "TS":1538409800.4251, "side": "s", "TS2":1538409808512345678}
{"sym":"XETHZUSD", "T":"Trade",  "P":226.55, "Q":5, "TS":1538409804.2248, "side": "s", "TS2":1538409808512345678}
{"sym":"XETHZUSD", "T":"Trade",  "P":226.55, "Q":5, "TS":1538409804.2298, "side": "s", "TS2":1538409808512345678}
{"sym":"XETHZUSD", "T":"Trade",  "P":226.53, "Q":0.2, "TS":1538409804.2331, "side": "s", "TS2":1538409808512345678}
{"sym":"XETHZUSD", "T":"Trade",  "P":226.52, "Q":5, "TS":1538409804.2359, "side": "s", "TS2":1538409808512345678}
{"sym":"XETHZUSD", "T":"Trade",  "P":226.52, "Q":5, "TS":1538409804.2385, "side": "s", "TS2":1538409808512345678}
{"sym":"XETHZUSD", "T":"Trade",  "P":226.47, "Q":3, "TS":1538409804.2422, "side": "s", "TS2":1538409808512345678}
{"sym":"XETHZUSD", "T":"Trade",  "P":226.46, "Q":0.024, "TS":1538409804.2455, "side": "s", "TS2":1538409808512345678}
{"sym":"XETHZUSD", "T":"Trade",  "P":226.3, "Q":26.776, "TS":1538409804.2488, "side": "s", "TS2":1538409808512345678}
{"sym":"XXBTZUSD", "T":"Trade",  "P":6538.2, "Q":0.025, "TS":1538409792.3911, "side": "b", "TS2":1538409812612345678}
{"sym":"XXBTZUSD", "T":"Trade",  "P":6539.7, "Q":0.318, "TS":1538409792.4137, "side": "b", "TS2":1538409812612345678}
{"sym":"XXBTZUSD", "T":"Trade",  "P":6538.9, "Q":0.025, "TS":1538409806.8025, "side": "s", "TS2":1538409812612345678}
{"sym":"XXBTZUSD", "T":"Trade",  "P":6538.9, "Q":0.025, "TS":1538409809.408, "side": "s", "TS2":1538409812612345678}
{"sym":"XXBTZUSD", "T":"Trade",  "P":6538.9, "Q":0.025, "TS":1538409811.0931, "side": "s", "TS2":1538409812612345678}
{"sym":"GNOXBT", "T":"Trade",  "P":0.00399, "Q":1.35931, "TS":1538409823.0673, "side": "s", "TS2":1538409824812345678}
{"sym":"GNOXBT", "T":"Trade",  "P":0.00399, "Q":0.00352504, "TS":1538409823.0756, "side": "s", "TS2":1538409824812345678}
{"sym":"XETHXXBT", "T":"Trade",  "P":0.03468, "Q":0.13954, "TS":1538409815.5863, "side": "b", "TS2":1538409827112345678}
{"sym":"XETHZUSD", "T":"Trade",  "P":226.37, "Q":5, "TS":1538409814.9211, "side": "s", "TS2":1538409827512345678}
{"sym":"XETHZUSD", "T":"Trade",  "P":226.36, "Q":2, "TS":1538409814.9304, "side": "s", "TS2":1538409827512345678}
{"sym":"XETHZUSD", "T":"Trade",  "P":226.31, "Q":5, "TS":1538409814.9331, "side": "s", "TS2":1538409827512345678}
{"sym":"XETHZUSD", "T":"Trade",  "P":226.3, "Q":38, "TS":1538409814.9365, "side": "s", "TS2":1538409827512345678}
{"sym":"XETHZUSD", "T":"Trade",  "P":226.74, "Q":2, "TS":1538409821.6702, "side": "b", "TS2":1538409827512345678}
{"sym":"XETHZUSD", "T":"Trade",  "P":226.83, "Q":4.5, "TS":1538409821.6872, "side": "b", "TS2":1538409827512345678}
{"sym":"XETHZUSD", "T":"Trade",  "P":226.83, "Q":8.1706, "TS":1538409821.6916, "side": "b", "TS2":1538409827512345678}
{"sym":"XXBTZUSD", "T":"Trade",  "P":6538.9, "Q":0.025, "TS":1538409813.2772, "side": "s", "TS2":1538409832312345678}
{"sym":"XXRPXXBT", "T":"Trade",  "P":8.422e-05, "Q":5448.3, "TS":1538409824.8195, "side": "b", "TS2":1538409834612345678}
{"sym":"XXRPXXBT", "T":"Trade",  "P":8.425e-05, "Q":5337, "TS":1538409824.8275, "side": "b", "TS2":1538409834612345678}
{"sym":"XXRPXXBT", "T":"Trade",  "P":8.429e-05, "Q":1067.25, "TS":1538409824.8309, "side": "b", "TS2":1538409834612345678}
{"sym":"XETHZUSD", "T":"Trade",  "P":226.31, "Q":8, "TS":1538409860.5403, "side": "s", "TS2":1538409869112345678}
{"sym":"XETHZUSD", "T":"Trade",  "P":226.3, "Q":35.224, "TS":1538409860.5472, "side": "s", "TS2":1538409869112345678}
{"sym":"XETHZUSD", "T":"Trade",  "P":226.26, "Q":6.776, "TS":1538409860.5523, "side": "s", "TS2":1538409869112345678}
{"sym":"XXBTZUSD", "T":"Trade",  "P":6535, "Q":0.58, "TS":1538409889.2889, "side": "s", "TS2":1538409891912345678}
{"sym":"XXRPXXBT", "T":"Trade",  "P":8.4e-05, "Q":875.827, "TS":1538409888.5107, "side": "s", "TS2":1538409893712345678}
{"sym":"XXRPXXBT", "T":"Trade",  "P":8.395e-05, "Q":61.726, "TS":1538409888.5153, "side": "s", "TS2":1538409893712345678}
{"sym":"ADAXBT", "T":"Trade",  "P":1.272e-05, "Q":157, "TS":1538409887.3721, "side": "s", "TS2":1538409900712345678}
{"sym":"ADAXBT", "T":"Trade",  "P":1.272e-05, "Q":5719, "TS":1538409891.7222, "side": "s", "TS2":1538409900712345678}
{"sym":"XXBTZUSD", "T":"Trade",  "P":6535, "Q":2.47, "TS":1538409908.9166, "side": "s", "TS2":1538409910712345678}
{"sym":"ADAEUR", "T":"Trade",  "P":0.072069, "Q":1000, "TS":1538409907.3925, "side": "b", "TS2":1538409918312345678}
{"sym":"ADAXBT", "T":"Trade",  "P":1.272e-05, "Q":93, "TS":1538409903.6429, "side": "s", "TS2":1538409919012345678}
{"sym":"XETHZUSD", "T":"Trade",  "P":226.51, "Q":0.0559965, "TS":1538409919.2238, "side": "b", "TS2":1538409928112345678}
{"sym":"XXBTZUSD", "T":"Trade",  "P":6535, "Q":0.28, "TS":1538409921.9135, "side": "s", "TS2":1538409933312345678}
{"sym":"XXMRXXBT", "T":"Trade",  "P":0.017469, "Q":0.1, "TS":1538409932.7722, "side": "b", "TS2":1538409934812345678}
{"sym":"XXRPXXBT", "T":"Trade",  "P":8.395e-05, "Q":149, "TS":1538409923.967, "side": "s", "TS2":1538409935112345678}
{"sym":"EOSXBT", "T":"Trade",  "P":0.0008513, "Q":87.1888, "TS":1538409927.8684, "side": "s", "TS2":1538409944612345678}
{"sym":"XETHXXBT", "T":"Trade",  "P":0.03466, "Q":0.458719, "TS":1538409928.3622, "side": "b", "TS2":1538409949612345678}
{"sym":"XLTCZUSD", "T":"Trade",  "P":59.77, "Q":0.1, "TS":1538409951.151, "side": "b", "TS2":1538409952012345678}
{"sym":"XXBTZUSD", "T":"Trade",  "P":6535, "Q":0.18, "TS":1538409937.9676, "side": "s", "TS2":1538409954312345678}
{"sym":"XXMRXXBT", "T":"Trade",  "P":0.017469, "Q":0.1, "TS":1538409936.0756, "side": "b", "TS2":1538409955712345678}
{"sym":"XXMRXXBT", "T":"Trade",  "P":0.017468, "Q":0.1, "TS":1538409938.7115, "side": "b", "TS2":1538409955712345678}
{"sym":"ADAEUR", "T":"Trade",  "P":0.072068, "Q":146, "TS":1538409954.4687, "side": "b", "TS2":1538409962312345678}
{"sym":"ADAXBT", "T":"Trade",  "P":1.272e-05, "Q":2676.09, "TS":1538409943.1987, "side": "s", "TS2":1538409963512345678}
{"sym":"ADAXBT", "T":"Trade",  "P":1.272e-05, "Q":223.91, "TS":1538409943.2168, "side": "s", "TS2":1538409963512345678}
{"sym":"XETHXXBT", "T":"Trade",  "P":0.03465, "Q":10, "TS":1538409959.5272, "side": "s", "TS2":1538409970112345678}
{"sym":"XETHZUSD", "T":"Trade",  "P":226.27, "Q":0.26517, "TS":1538409961.9939, "side": "s", "TS2":1538409970612345678}
{"sym":"XETHZUSD", "T":"Trade",  "P":226.15, "Q":3.28059, "TS":1538409961.9996, "side": "s", "TS2":1538409970612345678}
{"sym":"XETHZUSD", "T":"Trade",  "P":226, "Q":1.88282, "TS":1538409962.0033, "side": "s", "TS2":1538409970612345678}
{"sym":"XETHZUSD", "T":"Trade",  "P":226, "Q":0.00488264, "TS":1538409962.0057, "side": "s", "TS2":1538409970612345678}
{"sym":"XETHZUSD", "T":"Trade",  "P":226, "Q":1.266e-05, "TS":1538409962.0077, "side": "s", "TS2":1538409970612345678}
{"sym":"XETHZUSD", "T":"Trade",  "P":226, "Q":7.98563, "TS":1538409962.0338, "side": "s", "TS2":1538409970612345678}
{"sym":"XETHZUSD", "T":"Trade",  "P":226, "Q":1e-08, "TS":1538409962.0366, "side": "s", "TS2":1538409970612345678}
{"sym":"XMLNXXBT", "T":"Trade",  "P":0.00158, "Q":1.59744, "TS":1538409959.2536, "side": "b", "TS2":1538409974312345678}
{"sym":"XMLNXXBT", "T":"Trade",  "P":0.00158, "Q":0.00255183, "TS":1538409959.2556, "side": "b", "TS2":1538409974312345678}
{"sym":"XXBTZUSD", "T":"Trade",  "P":6535, "Q":0.25, "TS":1538409964.3882, "side": "s", "TS2":1538409981712345678}
{"sym":"XZECXXBT", "T":"Trade",  "P":0.01947, "Q":0.129841, "TS":1538409959.2392, "side": "s", "TS2":1538409984312345678}
{"sym":"XZECXXBT", "T":"Trade",  "P":0.01947, "Q":0.371, "TS":1538409968.4394, "side": "s", "TS2":1538409984312345678}
{"sym":"ADAEUR", "T":"Trade",  "P":0.072067, "Q":694, "TS":1538409975.1066, "side": "b", "TS2":1538409990212345678}
{"sym":"ADAEUR", "T":"Trade",  "P":0.072067, "Q":7, "TS":1538409987.1807, "side": "b", "TS2":1538409990212345678}
{"sym":"ADAXBT", "T":"Trade",  "P":1.272e-05, "Q":0.439588, "TS":1538409971.647, "side": "s", "TS2":1538409991612345678}
{"sym":"ADAXBT", "T":"Trade",  "P":1.271e-05, "Q":313.56, "TS":1538409971.6511, "side": "s", "TS2":1538409991612345678}
{"sym":"EOSXBT", "T":"Trade",  "P":0.000851, "Q":8.48511, "TS":1538409968.996, "side": "s", "TS2":1538409993312345678}
{"sym":"EOSXBT", "T":"Trade",  "P":0.0008503, "Q":88.5181, "TS":1538409988.7027, "side": "s", "TS2":1538409993312345678}
{"sym":"QTUMEUR", "T":"Trade",  "P":3.266, "Q":10, "TS":1538409986.1355, "side": "s", "TS2":1538409996212345678}
{"sym":"QTUMXBT", "T":"Trade",  "P":0.0005764, "Q":10.01, "TS":1538409986.5154, "side": "b", "TS2":1538409996912345678}
{"sym":"XETHXXBT", "T":"Trade",  "P":0.03462, "Q":4.09214, "TS":1538409970.6766, "side": "s", "TS2":1538409998512345678}
{"sym":"XXBTZUSD", "T":"Trade",  "P":6535, "Q":0.84, "TS":1538409988.4891, "side": "s", "TS2":1538410003112345678}
{"sym":"XETHZUSD", "T":"Trade",  "P":226.02, "Q":5, "TS":1538410000.0809, "side": "s", "TS2":1538410019812345678}
{"sym":"XETHZUSD", "T":"Trade",  "P":226.01, "Q":0.18675, "TS":1538410000.1054, "side": "s", "TS2":1538410019812345678}
{"sym":"XETHZUSD", "T":"Trade",  "P":226, "Q":9.81325, "TS":1538410000.1091, "side": "s", "TS2":1538410019812345678}
{"sym":"XLTCXXBT", "T":"Trade",  "P":0.009134, "Q":2.07987, "TS":1538410006.4122, "side": "b", "TS2":1538410021512345678}
{"sym":"XLTCZUSD", "T":"Trade",  "P":59.76, "Q":0.1, "TS":1538410003.1421, "side": "s", "TS2":1538410021912345678}
{"sym":"XXBTZUSD", "T":"Trade",  "P":6535, "Q":0.09, "TS":1538410003.8939, "side": "s", "TS2":1538410024312345678}
{"sym":"XXBTZUSD", "T":"Trade",  "P":6535, "Q":0.06, "TS":1538410016.9354, "side": "s", "TS2":1538410024312345678}
{"sym":"GNOXBT", "T":"Trade",  "P":0.00401, "Q":1.833, "TS":1538410031.4126, "side": "s", "TS2":1538410038112345678}
{"sym":"XETHXXBT", "T":"Trade",  "P":0.03462, "Q":12.75, "TS":1538410022.6783, "side": "s", "TS2":1538410041612345678}
{"sym":"XETHXXBT", "T":"Trade",  "P":0.03461, "Q":20, "TS":1538410034.6864, "side": "s", "TS2":1538410041612345678}
{"sym":"XETHZUSD", "T":"Trade",  "P":226, "Q":22.22, "TS":1538410022.1705, "side": "s", "TS2":1538410042012345678}
{"sym":"XETHZUSD", "T":"Trade",  "P":226, "Q":22.0934, "TS":1538410022.1893, "side": "s", "TS2":1538410042012345678}
{"sym":"XETHZUSD", "T":"Trade",  "P":226, "Q":2.5, "TS":1538410022.193, "side": "s", "TS2":1538410042012345678}
{"sym":"XETHZUSD", "T":"Trade",  "P":226, "Q":25.8271, "TS":1538410022.1966, "side": "s", "TS2":1538410042012345678}
{"sym":"XETHZUSD", "T":"Trade",  "P":226, "Q":3.45547, "TS":1538410022.1991, "side": "s", "TS2":1538410042012345678}
{"sym":"XETHZUSD", "T":"Trade",  "P":226, "Q":1.4014, "TS":1538410022.2014, "side": "s", "TS2":1538410042012345678}
{"sym":"XETHZUSD", "T":"Trade",  "P":226, "Q":19.316, "TS":1538410022.2035, "side": "s", "TS2":1538410042012345678}
{"sym":"XETHZUSD", "T":"Trade",  "P":226, "Q":0.5, "TS":1538410022.2067, "side": "s", "TS2":1538410042012345678}
{"sym":"XETHZUSD", "T":"Trade",  "P":225.66, "Q":24.9066, "TS":1538410022.2101, "side": "s", "TS2":1538410042012345678}
{"sym":"XETHZUSD", "T":"Trade",  "P":225.8, "Q":3, "TS":1538410027.2052, "side": "s", "TS2":1538410042012345678}
{"sym":"XETHZUSD", "T":"Trade",  "P":225.8, "Q":3, "TS":1538410027.2141, "side": "s", "TS2":1538410042012345678}
{"sym":"XETHZUSD", "T":"Trade",  "P":225.75, "Q":2, "TS":1538410027.2171, "side": "s", "TS2":1538410042012345678}
{"sym":"XETHZUSD", "T":"Trade",  "P":225.75, "Q":24.279, "TS":1538410027.2206, "side": "s", "TS2":1538410042012345678}
{"sym":"XETHZUSD", "T":"Trade",  "P":225.66, "Q":75.0934, "TS":1538410027.2239, "side": "s", "TS2":1538410042012345678}
{"sym":"XETHZUSD", "T":"Trade",  "P":225.66, "Q":42.6276, "TS":1538410027.227, "side": "s", "TS2":1538410042012345678}
{"sym":"XETHZUSD", "T":"Trade",  "P":225.81, "Q":7.99, "TS":1538410034.3188, "side": "s", "TS2":1538410042012345678}
{"sym":"XETHZUSD", "T":"Trade",  "P":225.66, "Q":14.23, "TS":1538410034.3258, "side": "s", "TS2":1538410042012345678}
{"sym":"XETHZUSD", "T":"Trade",  "P":225.66, "Q":50, "TS":1538410034.3293, "side": "s", "TS2":1538410042012345678}
{"sym":"XETHZUSD", "T":"Trade",  "P":225.66, "Q":50, "TS":1538410034.3324, "side": "s", "TS2":1538410042012345678}
{"sym":"XLTCXXBT", "T":"Trade",  "P":0.009134, "Q":0.1635, "TS":1538410035.2364, "side": "b", "TS2":1538410043512345678}
{"sym":"XXBTZUSD", "T":"Trade",  "P":6535, "Q":0.04, "TS":1538410029.3809, "side": "s", "TS2":1538410046212345678}
{"sym":"XXBTZUSD", "T":"Trade",  "P":6535, "Q":0.21, "TS":1538410034.3399, "side": "s", "TS2":1538410046212345678}
{"sym":"XXRPXXBT", "T":"Trade",  "P":8.371e-05, "Q":170.036, "TS":1538410051.9212, "side": "b", "TS2":1538410063412345678}
{"sym":"ADAEUR", "T":"Trade",  "P":0.072062, "Q":10583, "TS":1538410047.8074, "side": "s", "TS2":1538410069212345678}
{"sym":"ADAUSD", "T":"Trade",  "P":0.083, "Q":62.5443, "TS":1538410032.9936, "side": "s", "TS2":1538410069612345678}
{"sym":"ADAUSD", "T":"Trade",  "P":0.083, "Q":0.161706, "TS":1538410032.9988, "side": "s", "TS2":1538410069612345678}
{"sym":"ADAXBT", "T":"Trade",  "P":1.271e-05, "Q":2686.44, "TS":1538410035.6261, "side": "s", "TS2":1538410070012345678}
{"sym":"ADAXBT", "T":"Trade",  "P":1.271e-05, "Q":965.56, "TS":1538410035.63, "side": "s", "TS2":1538410070012345678}
{"sym":"ADAXBT", "T":"Trade",  "P":1.271e-05, "Q":0.103724, "TS":1538410044.481, "side": "s", "TS2":1538410070012345678}
{"sym":"ADAXBT", "T":"Trade",  "P":1.27e-05, "Q":313.896, "TS":1538410044.4877, "side": "s", "TS2":1538410070012345678}
{"sym":"ADAXBT", "T":"Trade",  "P":1.271e-05, "Q":10593.6, "TS":1538410047.4355, "side": "b", "TS2":1538410070012345678}
{"sym":"ADAXBT", "T":"Trade",  "P":1.27e-05, "Q":157, "TS":1538410058.473, "side": "s", "TS2":1538410070012345678}
{"sym":"XETHXXBT", "T":"Trade",  "P":0.03459, "Q":20, "TS":1538410044.8447, "side": "s", "TS2":1538410077712345678}
{"sym":"XETHXXBT", "T":"Trade",  "P":0.03458, "Q":0.164777, "TS":1538410054.388, "side": "b", "TS2":1538410077712345678}
{"sym":"XETHZUSD", "T":"Trade",  "P":225.84, "Q":0.05626, "TS":1538410070.9399, "side": "b", "TS2":1538410078212345678}
{"sym":"XETHZUSD", "T":"Trade",  "P":225.81, "Q":0.0484597, "TS":1538410076.5396, "side": "b", "TS2":1538410078212345678}
{"sym":"XETHZUSD", "T":"Trade",  "P":225.6, "Q":2.21631, "TS":1538410076.7745, "side": "s", "TS2":1538410078212345678}
{"sym":"XETHZUSD", "T":"Trade",  "P":225.52, "Q":0.091, "TS":1538410076.779, "side": "s", "TS2":1538410078212345678}
{"sym":"XETHZUSD", "T":"Trade",  "P":225.5, "Q":7.69269, "TS":1538410076.7822, "side": "s", "TS2":1538410078212345678}
{"sym":"XXBTZUSD", "T":"Trade",  "P":6534.8, "Q":0.004236, "TS":1538410052.3365, "side": "b", "TS2":1538410082412345678}
{"sym":"XXBTZUSD", "T":"Trade",  "P":6534.1, "Q":0.26, "TS":1538410061.8284, "side": "s", "TS2":1538410082412345678}
{"sym":"XXBTZUSD", "T":"Trade",  "P":6534.6, "Q":0.290564, "TS":1538410066.7235, "side": "b", "TS2":1538410082412345678}
{"sym":"XXBTZUSD", "T":"Trade",  "P":6534.6, "Q":0.092206, "TS":1538410067.4315, "side": "b", "TS2":1538410082412345678}
{"sym":"XXBTZUSD", "T":"Trade",  "P":6534.1, "Q":0.07, "TS":1538410077.8439, "side": "s", "TS2":1538410082412345678}
{"sym":"XXBTZUSD", "T":"Trade",  "P":6534.5, "Q":0.1, "TS":1538410078.5849, "side": "b", "TS2":1538410082412345678}
{"sym":"XXBTZUSD", "T":"Trade",  "P":6534.5, "Q":0.05, "TS":1538410078.5901, "side": "b", "TS2":1538410082412345678}
{"sym":"XXBTZUSD", "T":"Trade",  "P":6534.5, "Q":0.05, "TS":1538410078.5933, "side": "b", "TS2":1538410082412345678}
{"sym":"XXBTZUSD", "T":"Trade",  "P":6534.5, "Q":0.0235776, "TS":1538410078.5968, "side": "b", "TS2":1538410082412345678}
{"sym":"XXBTZUSD", "T":"Trade",  "P":6534.5, "Q":0.002, "TS":1538410078.6007, "side": "b", "TS2":1538410082412345678}
{"sym":"XXBTZUSD", "T":"Trade",  "P":6534.5, "Q":0.048, "TS":1538410078.6042, "side": "b", "TS2":1538410082412345678}
{"sym":"XXBTZUSD", "T":"Trade",  "P":6534.5, "Q":0.1, "TS":1538410078.6072, "side": "b", "TS2":1538410082412345678}
{"sym":"XXBTZUSD", "T":"Trade",  "P":6534.5, "Q":0.025, "TS":1538410078.6103, "side": "b", "TS2":1538410082412345678}
{"sym":"XXBTZUSD", "T":"Trade",  "P":6534.5, "Q":0.025, "TS":1538410078.6134, "side": "b", "TS2":1538410082412345678}
{"sym":"XXBTZUSD", "T":"Trade",  "P":6534.5, "Q":0.025, "TS":1538410078.6166, "side": "b", "TS2":1538410082412345678}
{"sym":"XXBTZUSD", "T":"Trade",  "P":6534.5, "Q":0.025, "TS":1538410078.6197, "side": "b", "TS2":1538410082412345678}
{"sym":"XXBTZUSD", "T":"Trade",  "P":6534.5, "Q":0.025, "TS":1538410078.6228, "side": "b", "TS2":1538410082412345678}
{"sym":"XXBTZUSD", "T":"Trade",  "P":6534.5, "Q":0.00142241, "TS":1538410078.6263, "side": "b", "TS2":1538410082412345678}
{"sym":"XXRPXXBT", "T":"Trade",  "P":8.358e-05, "Q":117.55, "TS":1538410065.9688, "side": "b", "TS2":1538410084512345678}
{"sym":"ADAXBT", "T":"Trade",  "P":1.27e-05, "Q":157, "TS":1538410088.5077, "side": "s", "TS2":1538410091312345678}
{"sym":"EOSXBT", "T":"Trade",  "P":0.0008494, "Q":3, "TS":1538410075.6001, "side": "s", "TS2":1538410093012345678}
{"sym":"QTUMEUR", "T":"Trade",  "P":3.26536, "Q":0.723861, "TS":1538410093.0269, "side": "s", "TS2":1538410094412345678}
{"sym":"QTUMEUR", "T":"Trade",  "P":3.26536, "Q":5.03238, "TS":1538410093.0322, "side": "s", "TS2":1538410094412345678}
{"sym":"QTUMXBT", "T":"Trade",  "P":0.0005763, "Q":5.76143, "TS":1538410093.2073, "side": "b", "TS2":1538410095312345678}
{"sym":"XETHXXBT", "T":"Trade",  "P":0.03457, "Q":34.26, "TS":1538410086.888, "side": "s", "TS2":1538410096512345678}
{"sym":"XXBTZUSD", "T":"Trade",  "P":6531, "Q":0.01, "TS":1538410087.2287, "side": "s", "TS2":1538410101112345678}
{"sym":"XXBTZUSD", "T":"Trade",  "P":6530.3, "Q":0.01, "TS":1538410093.4367, "side": "s", "TS2":1538410101112345678}
{"sym":"ADAXBT", "T":"Trade",  "P":1.27e-05, "Q":837.659, "TS":1538410092.436, "side": "s", "TS2":1538410110012345678}
{"sym":"ADAXBT", "T":"Trade",  "P":1.27e-05, "Q":390.341, "TS":1538410092.4508, "side": "s", "TS2":1538410110012345678}
{"sym":"ADAXBT", "T":"Trade",  "P":1.27e-05, "Q":170.147, "TS":1538410096.134, "side": "s", "TS2":1538410110012345678}
{"sym":"ADAXBT", "T":"Trade",  "P":1.27e-05, "Q":143.853, "TS":1538410096.1415, "side": "s", "TS2":1538410110012345678}
{"sym":"ADAXBT", "T":"Trade",  "P":1.27e-05, "Q":88, "TS":1538410100.0579, "side": "s", "TS2":1538410110012345678}
{"sym":"XETHXXBT", "T":"Trade",  "P":0.03457, "Q":5.74, "TS":1538410103.5145, "side": "s", "TS2":1538410116312345678}
{"sym":"XETHZUSD", "T":"Trade",  "P":225.5, "Q":2.30731, "TS":1538410100.6197, "side": "s", "TS2":1538410116712345678}
{"sym":"XETHZUSD", "T":"Trade",  "P":225.5, "Q":2.5, "TS":1538410100.6252, "side": "s", "TS2":1538410116712345678}
{"sym":"XETHZUSD", "T":"Trade",  "P":225.3, "Q":81.2527, "TS":1538410100.6275, "side": "s", "TS2":1538410116712345678}
{"sym":"XETHZUSD", "T":"Trade",  "P":225.3, "Q":3, "TS":1538410108.4241, "side": "s", "TS2":1538410116712345678}
{"sym":"XETHZUSD", "T":"Trade",  "P":225.23, "Q":77, "TS":1538410108.4568, "side": "s", "TS2":1538410116712345678}
{"sym":"XXBTZUSD", "T":"Trade",  "P":6530, "Q":0.308003, "TS":1538410103.1985, "side": "s", "TS2":1538410139112345678}
{"sym":"XXBTZUSD", "T":"Trade",  "P":6530, "Q":0.00079707, "TS":1538410103.2062, "side": "s", "TS2":1538410139112345678}
{"sym":"XXBTZUSD", "T":"Trade",  "P":6530, "Q":0.1712, "TS":1538410103.2142, "side": "s", "TS2":1538410139112345678}
{"sym":"XXBTZUSD", "T":"Trade",  "P":6529.7, "Q":0.8288, "TS":1538410103.2181, "side": "s", "TS2":1538410139112345678}
{"sym":"XXBTZUSD", "T":"Trade",  "P":6532.3, "Q":0.467391, "TS":1538410120.0212, "side": "b", "TS2":1538410139112345678}
{"sym":"XXBTZUSD", "T":"Trade",  "P":6532.3, "Q":0.0326095, "TS":1538410120.0267, "side": "b", "TS2":1538410139112345678}
{"sym":"XXBTZUSD", "T":"Trade",  "P":6532.4, "Q":0.347524, "TS":1538410120.03, "side": "b", "TS2":1538410139112345678}
{"sym":"XXBTZUSD", "T":"Trade",  "P":6529.8, "Q":0.621496, "TS":1538410132.1627, "side": "s", "TS2":1538410139112345678}
{"sym":"XXRPXXBT", "T":"Trade",  "P":8.345e-05, "Q":1530.5, "TS":1538410101.4815, "side": "b", "TS2":1538410141512345678}
{"sym":"EOSXBT", "T":"Trade",  "P":0.0008472, "Q":140.31, "TS":1538410134.4857, "side": "s", "TS2":1538410152012345678}
{"sym":"EOSXBT", "T":"Trade",  "P":0.0008472, "Q":20, "TS":1538410134.4926, "side": "s", "TS2":1538410152012345678}
{"sym":"QTUMEUR", "T":"Trade",  "P":3.26536, "Q":10.6823, "TS":1538410131.8645, "side": "s", "TS2":1538410153912345678}
{"sym":"QTUMXBT", "T":"Trade",  "P":0.0005763, "Q":10.6926, "TS":1538410131.8231, "side": "b", "TS2":1538410155112345678}
{"sym":"XETHXXBT", "T":"Trade",  "P":0.0345, "Q":0.245268, "TS":1538410129.6727, "side": "s", "TS2":1538410156712345678}
{"sym":"XETHXXBT", "T":"Trade",  "P":0.03451, "Q":2, "TS":1538410137.1556, "side": "b", "TS2":1538410156712345678}
{"sym":"XETHXXBT", "T":"Trade",  "P":0.03451, "Q":1.28416, "TS":1538410137.1657, "side": "b", "TS2":1538410156712345678}
{"sym":"XETHZUSD", "T":"Trade",  "P":225.39, "Q":0.150408, "TS":1538410118.0274, "side": "b", "TS2":1538410157112345678}
{"sym":"XETHZUSD", "T":"Trade",  "P":225.59, "Q":1.952, "TS":1538410120.0374, "side": "b", "TS2":1538410157112345678}
{"sym":"XETHZUSD", "T":"Trade",  "P":225.07, "Q":22.74, "TS":1538410131.071, "side": "s", "TS2":1538410157112345678}
{"sym":"XETHZUSD", "T":"Trade",  "P":225.05, "Q":1, "TS":1538410131.0795, "side": "s", "TS2":1538410157112345678}
{"sym":"XETHZUSD", "T":"Trade",  "P":225, "Q":0.66666, "TS":1538410131.0826, "side": "s", "TS2":1538410157112345678}
{"sym":"XETHZUSD", "T":"Trade",  "P":225, "Q":0.198868, "TS":1538410131.0854, "side": "s", "TS2":1538410157112345678}
{"sym":"XETHZUSD", "T":"Trade",  "P":224.95, "Q":4.32576, "TS":1538410131.0878, "side": "s", "TS2":1538410157112345678}
{"sym":"XETHZUSD", "T":"Trade",  "P":224.94, "Q":31.0687, "TS":1538410131.0912, "side": "s", "TS2":1538410157112345678}
{"sym":"XETHZUSD", "T":"Trade",  "P":224.94, "Q":0.5, "TS":1538410131.1008, "side": "s", "TS2":1538410157112345678}
{"sym":"XETHZUSD", "T":"Trade",  "P":224.94, "Q":10, "TS":1538410131.1067, "side": "s", "TS2":1538410157112345678}
{"sym":"XETHZUSD", "T":"Trade",  "P":224.94, "Q":0.02, "TS":1538410148.3444, "side": "b", "TS2":1538410157112345678}
{"sym":"XXRPXXBT", "T":"Trade",  "P":8.324e-05, "Q":1201.35, "TS":1538410148.7901, "side": "s", "TS2":1538410164712345678}
{"sym":"XXRPXXBT", "T":"Trade",  "P":8.31e-05, "Q":798.654, "TS":1538410148.7963, "side": "s", "TS2":1538410164712345678}
{"sym":"ADAXBT", "T":"Trade",  "P":1.271e-05, "Q":3681.95, "TS":1538410169.7962, "side": "b", "TS2":1538410171512345678}
{"sym":"QTUMEUR", "T":"Trade",  "P":3.26536, "Q":75.7272, "TS":1538410163.2597, "side": "s", "TS2":1538410174912345678}
{"sym":"QTUMEUR", "T":"Trade",  "P":3.26536, "Q":167.383, "TS":1538410163.8314, "side": "s", "TS2":1538410174912345678}
{"sym":"QTUMXBT", "T":"Trade",  "P":0.0005763, "Q":75.803, "TS":1538410163.387, "side": "b", "TS2":1538410176112345678}
{"sym":"QTUMXBT", "T":"Trade",  "P":0.0005763, "Q":15.9442, "TS":1538410164.0678, "side": "b", "TS2":1538410176112345678}
{"sym":"QTUMXBT", "T":"Trade",  "P":0.0005764, "Q":53.6745, "TS":1538410164.0719, "side": "b", "TS2":1538410176112345678}
{"sym":"QTUMXBT", "T":"Trade",  "P":0.0005764, "Q":22.128, "TS":1538410164.0745, "side": "b", "TS2":1538410176112345678}
{"sym":"XETHZUSD", "T":"Trade",  "P":224.95, "Q":1, "TS":1538410160.6298, "side": "s", "TS2":1538410179012345678}
{"sym":"XETHZUSD", "T":"Trade",  "P":224.96, "Q":63.65, "TS":1538410172.333, "side": "s", "TS2":1538410179012345678}
{"sym":"XLTCXXBT", "T":"Trade",  "P":0.009117, "Q":3.65903, "TS":1538410174.0001, "side": "s", "TS2":1538410180712345678}
{"sym":"XLTCZUSD", "T":"Trade",  "P":59.67, "Q":3.65903, "TS":1538410164.8253, "side": "s", "TS2":1538410181312345678}
{"sym":"XXBTZUSD", "T":"Trade",  "P":6529.7, "Q":5, "TS":1538410164.6744, "side": "s", "TS2":1538410183712345678}
{"sym":"XXBTZUSD", "T":"Trade",  "P":6529.7, "Q":4.2e-07, "TS":1538410164.6783, "side": "s", "TS2":1538410183712345678}
{"sym":"XXBTZUSD", "T":"Trade",  "P":6529.2, "Q":5, "TS":1538410171.0364, "side": "s", "TS2":1538410183712345678}
{"sym":"XXBTZUSD", "T":"Trade",  "P":6529.2, "Q":4.2e-07, "TS":1538410171.0456, "side": "s", "TS2":1538410183712345678}
{"sym":"XXBTZUSD", "T":"Trade",  "P":6528.1, "Q":0.802007, "TS":1538410172.817, "side": "s", "TS2":1538410183712345678}
{"sym":"XXBTZUSD", "T":"Trade",  "P":6528.1, "Q":0.00192021, "TS":1538410172.8216, "side": "s", "TS2":1538410183712345678}
{"sym":"XXBTZUSD", "T":"Trade",  "P":6528.1, "Q":2.99e-06, "TS":1538410172.8263, "side": "s", "TS2":1538410183712345678}
{"sym":"XXBTZUSD", "T":"Trade",  "P":6528.2, "Q":0.010759, "TS":1538410180.2665, "side": "b", "TS2":1538410183712345678}
{"sym":"XXRPXXBT", "T":"Trade",  "P":8.31e-05, "Q":1371.35, "TS":1538410167.8277, "side": "s", "TS2":1538410185812345678}
{"sym":"XXRPXXBT", "T":"Trade",  "P":8.303e-05, "Q":271.602, "TS":1538410167.8352, "side": "s", "TS2":1538410185812345678}
{"sym":"XXRPXXBT", "T":"Trade",  "P":8.301e-05, "Q":271.587, "TS":1538410167.8379, "side": "s", "TS2":1538410185812345678}
{"sym":"XXRPXXBT", "T":"Trade",  "P":8.297e-05, "Q":85.4658, "TS":1538410167.8414, "side": "s", "TS2":1538410185812345678}
{"sym":"XXRPXXBT", "T":"Trade",  "P":8.297e-05, "Q":36.2771, "TS":1538410167.8517, "side": "s", "TS2":1538410185812345678}
{"sym":"XXRPXXBT", "T":"Trade",  "P":8.27e-05, "Q":121.271, "TS":1538410167.855, "side": "s", "TS2":1538410185812345678}
{"sym":"XXRPXXBT", "T":"Trade",  "P":8.27e-05, "Q":42.4518, "TS":1538410167.858, "side": "s", "TS2":1538410185812345678}
{"sym":"ADAEUR", "T":"Trade",  "P":0.072002, "Q":3678.26, "TS":1538410169.7193, "side": "s", "TS2":1538410193012345678}
{"sym":"ADAEUR", "T":"Trade",  "P":0.072001, "Q":1316.74, "TS":1538410191.2149, "side": "s", "TS2":1538410193012345678}
{"sym":"ADAXBT", "T":"Trade",  "P":1.271e-05, "Q":1318.05, "TS":1538410191.1242, "side": "b", "TS2":1538410194012345678}
{"sym":"XETHXXBT", "T":"Trade",  "P":0.03452, "Q":0.0468206, "TS":1538410187.6754, "side": "b", "TS2":1538410199612345678}
{"sym":"XETHZUSD", "T":"Trade",  "P":225.1, "Q":21.41, "TS":1538410188.8502, "side": "s", "TS2":1538410200012345678}
{"sym":"XETHZUSD", "T":"Trade",  "P":225.14, "Q":45.0177, "TS":1538410194.617, "side": "s", "TS2":1538410200012345678}
{"sym":"XLTCZUSD", "T":"Trade",  "P":59.58, "Q":6.7, "TS":1538410181.3362, "side": "s", "TS2":1538410201712345678}
{"sym":"XMLNXXBT", "T":"Trade",  "P":0.00157, "Q":2, "TS":1538410193.5195, "side": "b", "TS2":1538410202612345678}
{"sym":"XXBTZUSD", "T":"Trade",  "P":6525.9, "Q":0.0383089, "TS":1538410199.829, "side": "s", "TS2":1538410203912345678}
{"sym":"XXBTZUSD", "T":"Trade",  "P":6525, "Q":0.25403, "TS":1538410200.9155, "side": "b", "TS2":1538410203912345678}
{"sym":"XXRPXXBT", "T":"Trade",  "P":8.3e-05, "Q":1000, "TS":1538410199.5803, "side": "b", "TS2":1538410205812345678}
{"sym":"XXRPXXBT", "T":"Trade",  "P":8.317e-05, "Q":276.755, "TS":1538410205.4799, "side": "b", "TS2":1538410205812345678}
{"sym":"XXRPXXBT", "T":"Trade",  "P":8.337e-05, "Q":223.245, "TS":1538410205.4832, "side": "b", "TS2":1538410205812345678}
{"sym":"ADAEUR", "T":"Trade",  "P":0.072001, "Q":3976.36, "TS":1538410197.8877, "side": "s", "TS2":1538410211812345678}
{"sym":"ADAEUR", "T":"Trade",  "P":0.072, "Q":159.57, "TS":1538410200.9936, "side": "s", "TS2":1538410211812345678}
{"sym":"ADAEUR", "T":"Trade",  "P":0.072, "Q":60, "TS":1538410200.997, "side": "s", "TS2":1538410211812345678}
{"sym":"ADAEUR", "T":"Trade",  "P":0.072, "Q":717.676, "TS":1538410201.0006, "side": "s", "TS2":1538410211812345678}
{"sym":"ADAEUR", "T":"Trade",  "P":0.072, "Q":360.303, "TS":1538410201.0039, "side": "s", "TS2":1538410211812345678}
{"sym":"ADAEUR", "T":"Trade",  "P":0.072, "Q":88.7486, "TS":1538410201.0076, "side": "s", "TS2":1538410211812345678}
{"sym":"ADAEUR", "T":"Trade",  "P":0.07199, "Q":50, "TS":1538410203.9937, "side": "s", "TS2":1538410211812345678}
{"sym":"ADAEUR", "T":"Trade",  "P":0.07199, "Q":1000, "TS":1538410203.9986, "side": "s", "TS2":1538410211812345678}
{"sym":"ADAXBT", "T":"Trade",  "P":1.271e-05, "Q":3980.34, "TS":1538410197.6377, "side": "b", "TS2":1538410212812345678}
{"sym":"ADAXBT", "T":"Trade",  "P":1.27e-05, "Q":0.826771, "TS":1538410198.3116, "side": "s", "TS2":1538410212812345678}
{"sym":"ADAXBT", "T":"Trade",  "P":1.269e-05, "Q":242.173, "TS":1538410198.315, "side": "s", "TS2":1538410212812345678}
{"sym":"ADAXBT", "T":"Trade",  "P":1.271e-05, "Q":1388.68, "TS":1538410201.0389, "side": "b", "TS2":1538410212812345678}
{"sym":"ADAXBT", "T":"Trade",  "P":1.27e-05, "Q":1050.06, "TS":1538410203.8194, "side": "b", "TS2":1538410212812345678}
{"sym":"ADAXBT", "T":"Trade",  "P":1.27e-05, "Q":1051.05, "TS":1538410203.959, "side": "b", "TS2":1538410212812345678}
{"sym":"ADAXBT", "T":"Trade",  "P":1.269e-05, "Q":7915, "TS":1538410207.4505, "side": "s", "TS2":1538410212812345678}
{"sym":"EOSXBT", "T":"Trade",  "P":0.0008465, "Q":400, "TS":1538410200.0616, "side": "s", "TS2":1538410214912345678}
{"sym":"EOSXBT", "T":"Trade",  "P":0.0008464, "Q":20, "TS":1538410200.0657, "side": "s", "TS2":1538410214912345678}
{"sym":"EOSXBT", "T":"Trade",  "P":0.000845, "Q":300.3, "TS":1538410200.8948, "side": "b", "TS2":1538410214912345678}
{"sym":"EOSXBT", "T":"Trade",  "P":0.000845, "Q":93.9, "TS":1538410202.5476, "side": "b", "TS2":1538410214912345678}
{"sym":"EOSXBT", "T":"Trade",  "P":0.000845, "Q":44.08, "TS":1538410202.6318, "side": "b", "TS2":1538410214912345678}
{"sym":"EOSXBT", "T":"Trade",  "P":0.000845, "Q":49.78, "TS":1538410202.7137, "side": "b", "TS2":1538410214912345678}
{"sym":"EOSXBT", "T":"Trade",  "P":0.000845, "Q":47.4816, "TS":1538410203.1231, "side": "b", "TS2":1538410214912345678}
{"sym":"EOSXBT", "T":"Trade",  "P":0.000845, "Q":49.7888, "TS":1538410205.8563, "side": "b", "TS2":1538410214912345678}
{"sym":"EOSXBT", "T":"Trade",  "P":0.000845, "Q":143.694, "TS":1538410206.7282, "side": "b", "TS2":1538410214912345678}
{"sym":"EOSXBT", "T":"Trade",  "P":0.000845, "Q":7.8796, "TS":1538410207.2346, "side": "b", "TS2":1538410214912345678}
{"sym":"EOSXBT", "T":"Trade",  "P":0.000845, "Q":50.0501, "TS":1538410207.4999, "side": "b", "TS2":1538410214912345678}
{"sym":"EOSXBT", "T":"Trade",  "P":0.000845, "Q":121.74, "TS":1538410208.3426, "side": "b", "TS2":1538410214912345678}
{"sym":"EOSXBT", "T":"Trade",  "P":0.000845, "Q":12.306, "TS":1538410208.3766, "side": "b", "TS2":1538410214912345678}
{"sym":"XETHZUSD", "T":"Trade",  "P":224.86, "Q":5, "TS":1538410202.1937, "side": "s", "TS2":1538410218712345678}
{"sym":"XETHZUSD", "T":"Trade",  "P":224.85, "Q":7.45, "TS":1538410202.1985, "side": "s", "TS2":1538410218712345678}
{"sym":"XETHZUSD", "T":"Trade",  "P":224.99, "Q":0.02, "TS":1538410205.4002, "side": "s", "TS2":1538410218712345678}
{"sym":"XETHZUSD", "T":"Trade",  "P":224.99, "Q":7.15, "TS":1538410209.3238, "side": "s", "TS2":1538410218712345678}
{"sym":"XETHZUSD", "T":"Trade",  "P":224.83, "Q":5, "TS":1538410216.0122, "side": "s", "TS2":1538410218712345678}
{"sym":"XXBTZUSD", "T":"Trade",  "P":6523.6, "Q":0.12156, "TS":1538410206.7764, "side": "b", "TS2":1538410224212345678}
{"sym":"XXBTZUSD", "T":"Trade",  "P":6523.5, "Q":0.0423407, "TS":1538410207.4937, "side": "b", "TS2":1538410224212345678}
{"sym":"XXBTZUSD", "T":"Trade",  "P":6522.1, "Q":0.015, "TS":1538410212.3992, "side": "s", "TS2":1538410224212345678}
{"sym":"XXBTZUSD", "T":"Trade",  "P":6523.6, "Q":0.00828964, "TS":1538410219.4114, "side": "b", "TS2":1538410224212345678}
{"sym":"XETHZUSD", "T":"Trade",  "P":225.2, "Q":0.5, "TS":1538410231.1342, "side": "s", "TS2":1538410239512345678}
{"sym":"XETHZUSD", "T":"Trade",  "P":225.43, "Q":0.0882, "TS":1538410234.3129, "side": "b", "TS2":1538410239512345678}
{"sym":"XETHZUSD", "T":"Trade",  "P":225.43, "Q":0.7418, "TS":1538410235.1572, "side": "b", "TS2":1538410239512345678}
{"sym":"XETHZUSD", "T":"Trade",  "P":225.44, "Q":0.0882, "TS":1538410235.1692, "side": "s", "TS2":1538410239512345678}
{"sym":"XETHZUSD", "T":"Trade",  "P":225.42, "Q":0.1118, "TS":1538410235.1737, "side": "s", "TS2":1538410239512345678}
{"sym":"XETHZUSD", "T":"Trade",  "P":225.42, "Q":7.8782, "TS":1538410235.1778, "side": "s", "TS2":1538410239512345678}
{"sym":"XETHZUSD", "T":"Trade",  "P":225.4, "Q":6.8418, "TS":1538410235.1807, "side": "s", "TS2":1538410239512345678}
{"sym":"XETHZUSD", "T":"Trade",  "P":225.49, "Q":0.077, "TS":1538410235.6889, "side": "b", "TS2":1538410239512345678}
{"sym":"XETHZUSD", "T":"Trade",  "P":225.55, "Q":0.086, "TS":1538410236.8243, "side": "b", "TS2":1538410239512345678}
{"sym":"XLTCZUSD", "T":"Trade",  "P":59.51, "Q":2.4, "TS":1538410226.0585, "side": "s", "TS2":1538410241512345678}
{"sym":"XXRPXXBT", "T":"Trade",  "P":8.328e-05, "Q":500, "TS":1538410250.7142, "side": "b", "TS2":1538410250812345678}
{"sym":"ADAEUR", "T":"Trade",  "P":0.071983, "Q":347.28, "TS":1538410234.2487, "side": "b", "TS2":1538410256812345678}
{"sym":"ADAEUR", "T":"Trade",  "P":0.071913, "Q":701.725, "TS":1538410239.08, "side": "s", "TS2":1538410256812345678}
{"sym":"ADAXBT", "T":"Trade",  "P":1.269e-05, "Q":0.728819, "TS":1538410248.4474, "side": "s", "TS2":1538410257912345678}
{"sym":"ADAXBT", "T":"Trade",  "P":1.269e-05, "Q":156.271, "TS":1538410248.451, "side": "s", "TS2":1538410257912345678}
{"sym":"BCHXBT", "T":"Trade",  "P":0.08044, "Q":9.522, "TS":1538410234.5414, "side": "b", "TS2":1538410258412345678}
{"sym":"XETHZUSD", "T":"Trade",  "P":225.55, "Q":0.2, "TS":1538410259.5172, "side": "s", "TS2":1538410264412345678}
{"sym":"XETHZUSD", "T":"Trade",  "P":225.55, "Q":0.02, "TS":1538410263.8949, "side": "s", "TS2":1538410264412345678}
{"sym":"XXBTZUSD", "T":"Trade",  "P":6523.7, "Q":0.016, "TS":1538410248.2134, "side": "b", "TS2":1538410268912345678}
{"sym":"XXBTZUSD", "T":"Trade",  "P":6523.7, "Q":0.006478, "TS":1538410249.9871, "side": "b", "TS2":1538410268912345678}
{"sym":"XXBTZUSD", "T":"Trade",  "P":6523.7, "Q":0.016, "TS":1538410254.572, "side": "b", "TS2":1538410268912345678}
{"sym":"ADAXBT", "T":"Trade",  "P":1.269e-05, "Q":2475.99, "TS":1538410273.9885, "side": "s", "TS2":1538410277312345678}
{"sym":"ADAXBT", "T":"Trade",  "P":1.269e-05, "Q":777.012, "TS":1538410274.0123, "side": "s", "TS2":1538410277312345678}
{"sym":"GNOXBT", "T":"Trade",  "P":0.00406, "Q":0.541542, "TS":1538410268.9475, "side": "b", "TS2":1538410279712345678}
{"sym":"XETHXXBT", "T":"Trade",  "P":0.03457, "Q":0.0505, "TS":1538410278.0491, "side": "b", "TS2":1538410282212345678}
{"sym":"XETHZUSD", "T":"Trade",  "P":225.55, "Q":0.757589, "TS":1538410277.0181, "side": "s", "TS2":1538410282612345678}
{"sym":"XETHZUSD", "T":"Trade",  "P":225.55, "Q":0.0224112, "TS":1538410277.0248, "side": "s", "TS2":1538410282612345678}
{"sym":"XETHZUSD", "T":"Trade",  "P":225.29, "Q":8, "TS":1538410277.0306, "side": "s", "TS2":1538410282612345678}
{"sym":"XETHZUSD", "T":"Trade",  "P":225.28, "Q":8.22, "TS":1538410277.0335, "side": "s", "TS2":1538410282612345678}
{"sym":"XETHZUSD", "T":"Trade",  "P":225.14, "Q":1, "TS":1538410280.6878, "side": "s", "TS2":1538410282612345678}
{"sym":"XXRPXXBT", "T":"Trade",  "P":8.325e-05, "Q":265.087, "TS":1538410276.2637, "side": "b", "TS2":1538410288412345678}
{"sym":"XETHZUSD", "T":"Trade",  "P":225.21, "Q":0.45, "TS":1538410289.2485, "side": "s", "TS2":1538410302512345678}
{"sym":"XETHZUSD", "T":"Trade",  "P":225.21, "Q":4.55, "TS":1538410292.0082, "side": "s", "TS2":1538410302512345678}
{"sym":"XETHZUSD", "T":"Trade",  "P":225.21, "Q":2.14, "TS":1538410292.0219, "side": "s", "TS2":1538410302512345678}
{"sym":"XXBTZUSD", "T":"Trade",  "P":6523.6, "Q":0.0401949, "TS":1538410287.2052, "side": "s", "TS2":1538410306912345678}
{"sym":"XXBTZUSD", "T":"Trade",  "P":6523.7, "Q":0.00629171, "TS":1538410300.5302, "side": "b", "TS2":1538410306912345678}
{"sym":"ADAXBT", "T":"Trade",  "P":1.27e-05, "Q":2300, "TS":1538410301.4356, "side": "b", "TS2":1538410316412345678}
{"sym":"XETHZUSD", "T":"Trade",  "P":225.26, "Q":1.5, "TS":1538410308.4523, "side": "s", "TS2":1538410323612345678}
{"sym":"XETHZUSD", "T":"Trade",  "P":225.27, "Q":0.9, "TS":1538410321.1112, "side": "s", "TS2":1538410323612345678}
{"sym":"XLTCZUSD", "T":"Trade",  "P":59.54, "Q":0.1, "TS":1538410321.9564, "side": "s", "TS2":1538410325412345678}
{"sym":"ADAEUR", "T":"Trade",  "P":0.072058, "Q":5637.25, "TS":1538410321.9434, "side": "b", "TS2":1538410337312345678}
{"sym":"ADAEUR", "T":"Trade",  "P":0.072059, "Q":4067.38, "TS":1538410321.9487, "side": "b", "TS2":1538410337312345678}
{"sym":"ADAXBT", "T":"Trade",  "P":1.269e-05, "Q":0.0245943, "TS":1538410324.4431, "side": "s", "TS2":1538410338312345678}
{"sym":"ADAXBT", "T":"Trade",  "P":1.269e-05, "Q":511.405, "TS":1538410324.448, "side": "s", "TS2":1538410338312345678}
{"sym":"ADAXBT", "T":"Trade",  "P":1.269e-05, "Q":2999.57, "TS":1538410324.4507, "side": "s", "TS2":1538410338312345678}
{"sym":"XETHZUSD", "T":"Trade",  "P":225.28, "Q":0.3, "TS":1538410323.7536, "side": "s", "TS2":1538410344312345678}
{"sym":"XETHZUSD", "T":"Trade",  "P":225.28, "Q":5, "TS":1538410332.1394, "side": "s", "TS2":1538410344312345678}
{"sym":"XETHZUSD", "T":"Trade",  "P":225.26, "Q":1.57, "TS":1538410332.1509, "side": "s", "TS2":1538410344312345678}
{"sym":"XETHZUSD", "T":"Trade",  "P":225.28, "Q":5, "TS":1538410353.2863, "side": "s", "TS2":1538410363212345678}
{"sym":"XETHZUSD", "T":"Trade",  "P":225.26, "Q":3.43, "TS":1538410353.344, "side": "s", "TS2":1538410363212345678}
{"sym":"XETHZUSD", "T":"Trade",  "P":225.16, "Q":14.19, "TS":1538410353.3471, "side": "s", "TS2":1538410363212345678}
{"sym":"XETHZUSD", "T":"Trade",  "P":225.16, "Q":37.38, "TS":1538410353.3508, "side": "s", "TS2":1538410363212345678}
{"sym":"XETHZUSD", "T":"Trade",  "P":225.28, "Q":4.62, "TS":1538410359.1464, "side": "s", "TS2":1538410363212345678}
{"sym":"XETHZUSD", "T":"Trade",  "P":225.28, "Q":0.05, "TS":1538410361.1809, "side": "s", "TS2":1538410363212345678}
{"sym":"ADAXBT", "T":"Trade",  "P":1.269e-05, "Q":462, "TS":1538410362.7035, "side": "s", "TS2":1538410375312345678}
{"sym":"ADAXBT", "T":"Trade",  "P":1.269e-05, "Q":133, "TS":1538410367.24, "side": "s", "TS2":1538410375312345678}
{"sym":"XETHZUSD", "T":"Trade",  "P":225.28, "Q":0.33, "TS":1538410376.0387, "side": "s", "TS2":1538410381112345678}
{"sym":"XETHZUSD", "T":"Trade",  "P":225.28, "Q":2.07, "TS":1538410376.0652, "side": "s", "TS2":1538410381112345678}
{"sym":"XLTCZUSD", "T":"Trade",  "P":59.54, "Q":0.2, "TS":1538410378.9007, "side": "s", "TS2":1538410383112345678}
{"sym":"XMLNXETH", "T":"Trade",  "P":0.04538, "Q":1.1, "TS":1538410369.619, "side": "s", "TS2":1538410383512345678}
{"sym":"XXBTZUSD", "T":"Trade",  "P":6523.7, "Q":0.005756, "TS":1538410378.843, "side": "b", "TS2":1538410385912345678}
{"sym":"XETHZUSD", "T":"Trade",  "P":225.16, "Q":23.9473, "TS":1538410384.2656, "side": "s", "TS2":1538410402912345678}
{"sym":"XETHZUSD", "T":"Trade",  "P":225.16, "Q":0.0525685, "TS":1538410384.2753, "side": "s", "TS2":1538410402912345678}
{"sym":"XETHZUSD", "T":"Trade",  "P":225.16, "Q":0.0001154, "TS":1538410384.2773, "side": "s", "TS2":1538410402912345678}
{"sym":"XETHZUSD", "T":"Trade",  "P":225.14, "Q":0.42, "TS":1538410385.9817, "side": "s", "TS2":1538410402912345678}
{"sym":"XETHZUSD", "T":"Trade",  "P":225.15, "Q":1.82, "TS":1538410394.1149, "side": "s", "TS2":1538410402912345678}
{"sym":"XXRPXXBT", "T":"Trade",  "P":8.328e-05, "Q":133, "TS":1538410391.6455, "side": "s", "TS2":1538410410812345678}
{"sym":"ADAXBT", "T":"Trade",  "P":1.269e-05, "Q":555, "TS":1538410395.7112, "side": "s", "TS2":1538410417512345678}
{"sym":"ADAXBT", "T":"Trade",  "P":1.269e-05, "Q":157, "TS":1538410399.2605, "side": "s", "TS2":1538410417512345678}
{"sym":"ADAXBT", "T":"Trade",  "P":1.269e-05, "Q":42.391, "TS":1538410413.47, "side": "s", "TS2":1538410417512345678}
{"sym":"ADAXBT", "T":"Trade",  "P":1.269e-05, "Q":297.068, "TS":1538410413.4768, "side": "s", "TS2":1538410417512345678}
{"sym":"ADAXBT", "T":"Trade",  "P":1.269e-05, "Q":122.541, "TS":1538410413.4801, "side": "s", "TS2":1538410417512345678}
{"sym":"XETHZUSD", "T":"Trade",  "P":225.15, "Q":1.63, "TS":1538410406.4273, "side": "s", "TS2":1538410423112345678}
{"sym":"XXBTZUSD", "T":"Trade",  "P":6523.5, "Q":0.1089, "TS":1538410410.5633, "side": "s", "TS2":1538410427412345678}
{"sym":"XXBTZUSD", "T":"Trade",  "P":6523.7, "Q":0.015, "TS":1538410424.5722, "side": "b", "TS2":1538410427412345678}
{"sym":"ADAEUR", "T":"Trade",  "P":0.072057, "Q":200, "TS":1538410420.6717, "side": "b", "TS2":1538410435012345678}
{"sym":"ADAEUR", "T":"Trade",  "P":0.072, "Q":5000, "TS":1538410420.7102, "side": "s", "TS2":1538410435012345678}
{"sym":"ADAXBT", "T":"Trade",  "P":1.27e-05, "Q":1789.39, "TS":1538410420.9739, "side": "b", "TS2":1538410436012345678}
{"sym":"ADAXBT", "T":"Trade",  "P":1.27e-05, "Q":3215.62, "TS":1538410420.9782, "side": "b", "TS2":1538410436012345678}
{"sym":"XETHZUSD", "T":"Trade",  "P":225.15, "Q":0.92, "TS":1538410424.5927, "side": "s", "TS2":1538410442512345678}
{"sym":"XETHZUSD", "T":"Trade",  "P":225.14, "Q":12.63, "TS":1538410433.7203, "side": "s", "TS2":1538410442512345678}
{"sym":"XETHZUSD", "T":"Trade",  "P":225.14, "Q":0.03024, "TS":1538410433.7324, "side": "s", "TS2":1538410442512345678}
{"sym":"XETHZUSD", "T":"Trade",  "P":225.14, "Q":7.045e-05, "TS":1538410433.7344, "side": "s", "TS2":1538410442512345678}
{"sym":"XETHZUSD", "T":"Trade",  "P":225.14, "Q":0.29, "TS":1538410437.0471, "side": "s", "TS2":1538410442512345678}
{"sym":"XXBTZUSD", "T":"Trade",  "P":6523.7, "Q":0.03, "TS":1538410430.7292, "side": "b", "TS2":1538410447512345678}
{"sym":"ADAUSD", "T":"Trade",  "P":0.083, "Q":8447, "TS":1538410451.6047, "side": "s", "TS2":1538410456212345678}
{"sym":"ADAXBT", "T":"Trade",  "P":1.269e-05, "Q":0.717393, "TS":1538410442.1769, "side": "s", "TS2":1538410456712345678}
{"sym":"ADAXBT", "T":"Trade",  "P":1.269e-05, "Q":1106.28, "TS":1538410442.185, "side": "s", "TS2":1538410456712345678}
{"sym":"XETHZUSD", "T":"Trade",  "P":225.14, "Q":0.23, "TS":1538410443.7148, "side": "s", "TS2":1538410463112345678}
{"sym":"XETHZUSD", "T":"Trade",  "P":225.37, "Q":5, "TS":1538410460.743, "side": "b", "TS2":1538410463112345678}
{"sym":"XXBTZUSD", "T":"Trade",  "P":6523.7, "Q":0.104865, "TS":1538410451.9335, "side": "b", "TS2":1538410467712345678}
{"sym":"XXBTZUSD", "T":"Trade",  "P":6523.7, "Q":0.002301, "TS":1538410456.445, "side": "b", "TS2":1538410467712345678}
{"sym":"XXBTZUSD", "T":"Trade",  "P":6523.7, "Q":0.0464593, "TS":1538410464.035, "side": "b", "TS2":1538410467712345678}
{"sym":"XXBTZUSD", "T":"Trade",  "P":6523.8, "Q":0.002, "TS":1538410464.0474, "side": "b", "TS2":1538410467712345678}
{"sym":"XXBTZUSD", "T":"Trade",  "P":6525, "Q":0.0557047, "TS":1538410464.0527, "side": "b", "TS2":1538410467712345678}
{"sym":"XXRPXXBT", "T":"Trade",  "P":8.326e-05, "Q":1265, "TS":1538410459.9708, "side": "s", "TS2":1538410469612345678}
{"sym":"ADAEUR", "T":"Trade",  "P":0.071917, "Q":7324.19, "TS":1538410474.1743, "side": "s", "TS2":1538410481112345678}
{"sym":"ADAEUR", "T":"Trade",  "P":0.071916, "Q":5064.4, "TS":1538410474.1773, "side": "s", "TS2":1538410481112345678}
{"sym":"ADAEUR", "T":"Trade",  "P":0.071915, "Q":2832.96, "TS":1538410474.18, "side": "s", "TS2":1538410481112345678}
{"sym":"ADAEUR", "T":"Trade",  "P":0.071914, "Q":6130.44, "TS":1538410474.1825, "side": "s", "TS2":1538410481112345678}
{"sym":"ADAUSD", "T":"Trade",  "P":0.083, "Q":0.0291449, "TS":1538410458.4617, "side": "s", "TS2":1538410481512345678}
{"sym":"ADAUSD", "T":"Trade",  "P":0.0826, "Q":592.786, "TS":1538410458.4714, "side": "s", "TS2":1538410481512345678}
{"sym":"ADAUSD", "T":"Trade",  "P":0.08257, "Q":3600.58, "TS":1538410458.4755, "side": "s", "TS2":1538410481512345678}
{"sym":"ADAUSD", "T":"Trade",  "P":0.082466, "Q":3000, "TS":1538410458.4781, "side": "s", "TS2":1538410481512345678}
{"sym":"ADAUSD", "T":"Trade",  "P":0.082464, "Q":1253.61, "TS":1538410458.4815, "side": "s", "TS2":1538410481512345678}
{"sym":"ADAUSD", "T":"Trade",  "P":0.082464, "Q":8447, "TS":1538410468.1407, "side": "s", "TS2":1538410481512345678}
{"sym":"ADAUSD", "T":"Trade",  "P":0.082256, "Q":8447, "TS":1538410472.4674, "side": "s", "TS2":1538410481512345678}
{"sym":"ADAUSD", "T":"Trade",  "P":0.082257, "Q":3000, "TS":1538410476.5834, "side": "s", "TS2":1538410481512345678}
{"sym":"ADAUSD", "T":"Trade",  "P":0.082256, "Q":5447, "TS":1538410476.5945, "side": "s", "TS2":1538410481512345678}
{"sym":"ADAXBT", "T":"Trade",  "P":1.269e-05, "Q":0.685701, "TS":1538410470.1801, "side": "s", "TS2":1538410482012345678}
{"sym":"ADAXBT", "T":"Trade",  "P":1.268e-05, "Q":2640.31, "TS":1538410470.1884, "side": "s", "TS2":1538410482012345678}
{"sym":"ADAXBT", "T":"Trade",  "P":1.269e-05, "Q":21373.4, "TS":1538410474.1147, "side": "b", "TS2":1538410482012345678}
{"sym":"ADAXBT", "T":"Trade",  "P":1.268e-05, "Q":130, "TS":1538410474.2634, "side": "s", "TS2":1538410482012345678}
{"sym":"ADAXBT", "T":"Trade",  "P":1.269e-05, "Q":5000, "TS":1538410480.396, "side": "b", "TS2":1538410482012345678}
{"sym":"XETHZUSD", "T":"Trade",  "P":225.14, "Q":5, "TS":1538410471.9369, "side": "s", "TS2":1538410488912345678}
{"sym":"XETHZUSD", "T":"Trade",  "P":225.14, "Q":80.3996, "TS":1538410484.8743, "side": "s", "TS2":1538410488912345678}
{"sym":"XETHZUSD", "T":"Trade",  "P":225.03, "Q":5, "TS":1538410484.879, "side": "s", "TS2":1538410488912345678}
{"sym":"XETHZUSD", "T":"Trade",  "P":225.03, "Q":1, "TS":1538410484.8829, "side": "s", "TS2":1538410488912345678}
{"sym":"XETHZUSD", "T":"Trade",  "P":225, "Q":0.034, "TS":1538410484.8861, "side": "s", "TS2":1538410488912345678}
{"sym":"XETHZUSD", "T":"Trade",  "P":224.91, "Q":3, "TS":1538410484.8892, "side": "s", "TS2":1538410488912345678}
{"sym":"XETHZUSD", "T":"Trade",  "P":224.85, "Q":100, "TS":1538410484.8918, "side": "s", "TS2":1538410488912345678}
{"sym":"XETHZUSD", "T":"Trade",  "P":224.72, "Q":50, "TS":1538410484.895, "side": "s", "TS2":1538410488912345678}
{"sym":"XETHZUSD", "T":"Trade",  "P":224.69, "Q":60.5663, "TS":1538410484.899, "side": "s", "TS2":1538410488912345678}
{"sym":"XETHZUSD", "T":"Trade",  "P":224.69, "Q":7, "TS":1538410484.9101, "side": "s", "TS2":1538410488912345678}
{"sym":"XLTCZUSD", "T":"Trade",  "P":59.54, "Q":0.3, "TS":1538410477.3159, "side": "s", "TS2":1538410490712345678}
{"sym":"XXBTZUSD", "T":"Trade",  "P":6524.9, "Q":0.002411, "TS":1538410468.1168, "side": "b", "TS2":1538410492912345678}
{"sym":"XXBTZUSD", "T":"Trade",  "P":6524.9, "Q":0.104083, "TS":1538410471.4512, "side": "b", "TS2":1538410492912345678}
{"sym":"XXBTZUSD", "T":"Trade",  "P":6524.9, "Q":0.016, "TS":1538410471.7043, "side": "b", "TS2":1538410492912345678}
{"sym":"XXBTZUSD", "T":"Trade",  "P":6524.9, "Q":0.106182, "TS":1538410475.362, "side": "b", "TS2":1538410492912345678}
{"sym":"XXBTZUSD", "T":"Trade",  "P":6524.8, "Q":0.002465, "TS":1538410479.3752, "side": "b", "TS2":1538410492912345678}
{"sym":"XXBTZUSD", "T":"Trade",  "P":6524.7, "Q":0.103823, "TS":1538410482.7103, "side": "b", "TS2":1538410492912345678}
{"sym":"XXBTZUSD", "T":"Trade",  "P":6524.7, "Q":0.106076, "TS":1538410486.6208, "side": "b", "TS2":1538410492912345678}
{"sym":"XXBTZUSD", "T":"Trade",  "P":6524.7, "Q":0.10607, "TS":1538410490.4574, "side": "b", "TS2":1538410492912345678}
{"sym":"XXBTZUSD", "T":"Trade",  "P":6524.7, "Q":0.016, "TS":1538410491.2768, "side": "b", "TS2":1538410492912345678}
{"sym":"ADAEUR", "T":"Trade",  "P":0.071914, "Q":2247.06, "TS":1538410480.1102, "side": "s", "TS2":1538410500312345678}
{"sym":"ADAEUR", "T":"Trade",  "P":0.071913, "Q":1914.71, "TS":1538410480.1159, "side": "s", "TS2":1538410500312345678}
{"sym":"ADAEUR", "T":"Trade",  "P":0.071912, "Q":833.23, "TS":1538410480.1193, "side": "s", "TS2":1538410500312345678}
{"sym":"ADAEUR", "T":"Trade",  "P":0.071912, "Q":166.77, "TS":1538410487.1357, "side": "s", "TS2":1538410500312345678}
{"sym":"ADAEUR", "T":"Trade",  "P":0.0719, "Q":4828.23, "TS":1538410487.1423, "side": "s", "TS2":1538410500312345678}
{"sym":"ADAEUR", "T":"Trade",  "P":0.0719, "Q":4995, "TS":1538410492.4486, "side": "s", "TS2":1538410500312345678}
{"sym":"ADAEUR", "T":"Trade",  "P":0.071976, "Q":100, "TS":1538410494.3373, "side": "b", "TS2":1538410500312345678}
{"sym":"ADAEUR", "T":"Trade",  "P":0.0719, "Q":176.77, "TS":1538410497.7073, "side": "s", "TS2":1538410500312345678}
{"sym":"ADAEUR", "T":"Trade",  "P":0.0719, "Q":50, "TS":1538410497.7119, "side": "s", "TS2":1538410500312345678}
{"sym":"ADAEUR", "T":"Trade",  "P":0.0719, "Q":100, "TS":1538410497.7146, "side": "s", "TS2":1538410500312345678}
{"sym":"ADAEUR", "T":"Trade",  "P":0.07185, "Q":50, "TS":1538410497.7174, "side": "s", "TS2":1538410500312345678}
{"sym":"ADAUSD", "T":"Trade",  "P":0.082257, "Q":3000, "TS":1538410485.1562, "side": "s", "TS2":1538410500812345678}
{"sym":"ADAUSD", "T":"Trade",  "P":0.082129, "Q":5447, "TS":1538410485.1593, "side": "s", "TS2":1538410500812345678}
{"sym":"ADAUSD", "T":"Trade",  "P":0.082129, "Q":3000, "TS":1538410489.1399, "side": "s", "TS2":1538410500812345678}
{"sym":"ADAUSD", "T":"Trade",  "P":0.082128, "Q":5447, "TS":1538410489.152, "side": "s", "TS2":1538410500812345678}
{"sym":"ADAXBT", "T":"Trade",  "P":1.269e-05, "Q":5000, "TS":1538410486.8937, "side": "b", "TS2":1538410501312345678}
{"sym":"ADAXBT", "T":"Trade",  "P":1.269e-05, "Q":5000, "TS":1538410492.3804, "side": "b", "TS2":1538410501312345678}
{"sym":"ADAXBT", "T":"Trade",  "P":1.268e-05, "Q":0.301627, "TS":1538410497.4636, "side": "s", "TS2":1538410501312345678}
{"sym":"ADAXBT", "T":"Trade",  "P":1.266e-05, "Q":503.698, "TS":1538410497.4763, "side": "s", "TS2":1538410501312345678}
{"sym":"GNOXBT", "T":"Trade",  "P":0.00401, "Q":0.55769, "TS":1538410485.7905, "side": "s", "TS2":1538410503912345678}
{"sym":"GNOXBT", "T":"Trade",  "P":0.00398, "Q":1.146, "TS":1538410485.797, "side": "s", "TS2":1538410503912345678}
{"sym":"GNOXBT", "T":"Trade",  "P":0.00397, "Q":1.62631, "TS":1538410485.8008, "side": "s", "TS2":1538410503912345678}
{"sym":"XETHZUSD", "T":"Trade",  "P":224.78, "Q":50, "TS":1538410497.8943, "side": "s", "TS2":1538410507512345678}
{"sym":"XETHZUSD", "T":"Trade",  "P":225, "Q":3, "TS":1538410498.2125, "side": "s", "TS2":1538410507512345678}
{"sym":"XETHZUSD", "T":"Trade",  "P":225, "Q":19, "TS":1538410501.8116, "side": "b", "TS2":1538410507512345678}
{"sym":"XLTCZUSD", "T":"Trade",  "P":59.54, "Q":3.06673, "TS":1538410506.5227, "side": "s", "TS2":1538410509112345678}
{"sym":"XXBTZUSD", "T":"Trade",  "P":6524.6, "Q":0.002463, "TS":1538410493.8254, "side": "b", "TS2":1538410511512345678}
{"sym":"ADAEUR", "T":"Trade",  "P":0.07182, "Q":200, "TS":1538410503.9249, "side": "s", "TS2":1538410519312345678}
{"sym":"ADAEUR", "T":"Trade",  "P":0.0718, "Q":50, "TS":1538410503.9305, "side": "s", "TS2":1538410519312345678}
{"sym":"ADAXBT", "T":"Trade",  "P":1.268e-05, "Q":377.148, "TS":1538410501.5378, "side": "s", "TS2":1538410520012345678}
{"sym":"ADAXBT", "T":"Trade",  "P":1.267e-05, "Q":250.25, "TS":1538410503.2774, "side": "b", "TS2":1538410520012345678}
{"sym":"ADAXBT", "T":"Trade",  "P":1.266e-05, "Q":561.659, "TS":1538410518.5027, "side": "s", "TS2":1538410520012345678}
{"sym":"ADAXBT", "T":"Trade",  "P":1.265e-05, "Q":1.27647, "TS":1538410518.5071, "side": "s", "TS2":1538410520012345678}
{"sym":"XETHXXBT", "T":"Trade",  "P":0.03454, "Q":4.40308, "TS":1538410518.4018, "side": "s", "TS2":1538410526612345678}
{"sym":"XETHXXBT", "T":"Trade",  "P":0.03454, "Q":0.86692, "TS":1538410518.4223, "side": "s", "TS2":1538410526612345678}
{"sym":"XLTCXXBT", "T":"Trade",  "P":0.009115, "Q":4, "TS":1538410516.1888, "side": "s", "TS2":1538410528412345678}
{"sym":"XLTCXXBT", "T":"Trade",  "P":0.009115, "Q":4, "TS":1538410522.6624, "side": "s", "TS2":1538410528412345678}
{"sym":"XLTCXXBT", "T":"Trade",  "P":0.009115, "Q":21.8338, "TS":1538410522.8158, "side": "s", "TS2":1538410528412345678}
{"sym":"XLTCXXBT", "T":"Trade",  "P":0.009111, "Q":0.542142, "TS":1538410524.4625, "side": "s", "TS2":1538410528412345678}
{"sym":"XXRPXXBT", "T":"Trade",  "P":8.327e-05, "Q":100, "TS":1538410519.646, "side": "b", "TS2":1538410532412345678}
{"sym":"ADAEUR", "T":"Trade",  "P":0.071751, "Q":6064.74, "TS":1538410522.7921, "side": "s", "TS2":1538410538212345678}
{"sym":"ADAEUR", "T":"Trade",  "P":0.07175, "Q":10000, "TS":1538410522.7962, "side": "s", "TS2":1538410538212345678}
{"sym":"ADAXBT", "T":"Trade",  "P":1.266e-05, "Q":5000, "TS":1538410522.8025, "side": "b", "TS2":1538410539212345678}
{"sym":"ADAXBT", "T":"Trade",  "P":1.267e-05, "Q":11080.8, "TS":1538410522.8052, "side": "b", "TS2":1538410539212345678}
{"sym":"XLTCZUSD", "T":"Trade",  "P":59.41, "Q":1.1, "TS":1538410541.6825, "side": "s", "TS2":1538410546512345678}
{"sym":"XXBTZUSD", "T":"Trade",  "P":6521.6, "Q":0.00613337, "TS":1538410542.7018, "side": "b", "TS2":1538410548712345678}
{"sym":"XXRPXXBT", "T":"Trade",  "P":8.326e-05, "Q":0.511972, "TS":1538410542.6585, "side": "s", "TS2":1538410550212345678}
{"sym":"ADAEUR", "T":"Trade",  "P":0.071703, "Q":50, "TS":1538410547.2537, "side": "s", "TS2":1538410556112345678}
{"sym":"ADAEUR", "T":"Trade",  "P":0.071703, "Q":55.7857, "TS":1538410547.2805, "side": "s", "TS2":1538410556112345678}
{"sym":"ADAEUR", "T":"Trade",  "P":0.071703, "Q":50, "TS":1538410547.2843, "side": "s", "TS2":1538410556112345678}
{"sym":"ADAXBT", "T":"Trade",  "P":1.266e-05, "Q":484.468, "TS":1538410544.7362, "side": "b", "TS2":1538410557112345678}
{"sym":"XETHZUSD", "T":"Trade",  "P":224.74, "Q":5, "TS":1538410549.1062, "side": "b", "TS2":1538410563812345678}
{"sym":"XETHZUSD", "T":"Trade",  "P":224.74, "Q":1.62853, "TS":1538410549.1104, "side": "b", "TS2":1538410563812345678}
{"sym":"XETHZUSD", "T":"Trade",  "P":224.73, "Q":0.1, "TS":1538410562.047, "side": "b", "TS2":1538410563812345678}
{"sym":"XICNXXBT", "T":"Trade",  "P":5.9e-05, "Q":2.6, "TS":1538410563.674, "side": "b", "TS2":1538410564612345678}
{"sym":"XLTCZUSD", "T":"Trade",  "P":59.42, "Q":10, "TS":1538410561.4892, "side": "b", "TS2":1538410565712345678}
{"sym":"XXRPXXBT", "T":"Trade",  "P":8.3e-05, "Q":330, "TS":1538410563.1664, "side": "s", "TS2":1538410571612345678}
{"sym":"XXRPXXBT", "T":"Trade",  "P":8.29e-05, "Q":1500, "TS":1538410568.0604, "side": "s", "TS2":1538410571612345678}
{"sym":"ADAXBT", "T":"Trade",  "P":1.265e-05, "Q":11.007, "TS":1538410568.1178, "side": "s", "TS2":1538410578312345678}
{"sym":"XETHZUSD", "T":"Trade",  "P":224.74, "Q":0.02, "TS":1538410570.0683, "side": "b", "TS2":1538410584312345678}
{"sym":"XETHZUSD", "T":"Trade",  "P":224.74, "Q":0.0685, "TS":1538410570.0745, "side": "b", "TS2":1538410584312345678}
{"sym":"XETHZUSD", "T":"Trade",  "P":224.75, "Q":12.37, "TS":1538410576.5879, "side": "b", "TS2":1538410584312345678}
{"sym":"XLTCZUSD", "T":"Trade",  "P":59.41, "Q":10, "TS":1538410570.2923, "side": "b", "TS2":1538410585912345678}
{"sym":"XREPXXBT", "T":"Trade",  "P":0.002025, "Q":3, "TS":1538410573.0882, "side": "s", "TS2":1538410587412345678}
{"sym":"XREPXXBT", "T":"Trade",  "P":0.002023, "Q":4.92055, "TS":1538410573.0935, "side": "s", "TS2":1538410587412345678}
{"sym":"XREPXXBT", "T":"Trade",  "P":0.002023, "Q":0.215604, "TS":1538410573.0957, "side": "s", "TS2":1538410587412345678}
{"sym":"XREPXXBT", "T":"Trade",  "P":0.00202, "Q":3.85963, "TS":1538410573.0982, "side": "s", "TS2":1538410587412345678}
{"sym":"XREPXXBT", "T":"Trade",  "P":0.00202, "Q":0.010009, "TS":1538410573.1002, "side": "s", "TS2":1538410587412345678}
{"sym":"XXMRXXBT", "T":"Trade",  "P":0.017355, "Q":1.28502, "TS":1538410578.883, "side": "s", "TS2":1538410589112345678}
{"sym":"XXMRXXBT", "T":"Trade",  "P":0.017355, "Q":0.00333238, "TS":1538410578.8863, "side": "s", "TS2":1538410589112345678}
{"sym":"XXMRXXBT", "T":"Trade",  "P":0.017355, "Q":8.64e-06, "TS":1538410578.8884, "side": "s", "TS2":1538410589112345678}
{"sym":"XXRPXXBT", "T":"Trade",  "P":8.301e-05, "Q":1810.15, "TS":1538410576.6033, "side": "b", "TS2":1538410589512345678}
{"sym":"XXRPXXBT", "T":"Trade",  "P":8.296e-05, "Q":266.745, "TS":1538410588.3461, "side": "b", "TS2":1538410589512345678}
{"sym":"ADAEUR", "T":"Trade",  "P":0.071703, "Q":328.158, "TS":1538410584.787, "side": "b", "TS2":1538410595712345678}
{"sym":"ADAEUR", "T":"Trade",  "P":0.071703, "Q":0.524214, "TS":1538410584.7925, "side": "b", "TS2":1538410595712345678}
{"sym":"ADAEUR", "T":"Trade",  "P":0.071703, "Q":0.00083651, "TS":1538410584.7945, "side": "b", "TS2":1538410595712345678}
{"sym":"ADAEUR", "T":"Trade",  "P":0.071823, "Q":3851.32, "TS":1538410584.7979, "side": "b", "TS2":1538410595712345678}
{"sym":"XETCXXBT", "T":"Trade",  "P":0.001698, "Q":3, "TS":1538410586.3537, "side": "s", "TS2":1538410602512345678}
{"sym":"XETHXXBT", "T":"Trade",  "P":0.03451, "Q":0.396136, "TS":1538410583.1749, "side": "s", "TS2":1538410602812345678}
{"sym":"XETHZUSD", "T":"Trade",  "P":224.73, "Q":3.4, "TS":1538410595.5635, "side": "s", "TS2":1538410603512345678}
{"sym":"XETHZUSD", "T":"Trade",  "P":224.71, "Q":5, "TS":1538410595.5806, "side": "s", "TS2":1538410603512345678}
{"sym":"XETHZUSD", "T":"Trade",  "P":224.71, "Q":8, "TS":1538410595.584, "side": "s", "TS2":1538410603512345678}
{"sym":"XETHZUSD", "T":"Trade",  "P":224.7, "Q":21, "TS":1538410595.5873, "side": "s", "TS2":1538410603512345678}
{"sym":"XETHZUSD", "T":"Trade",  "P":224.51, "Q":3, "TS":1538410595.5906, "side": "s", "TS2":1538410603512345678}
{"sym":"XETHZUSD", "T":"Trade",  "P":224.51, "Q":4.415, "TS":1538410595.594, "side": "s", "TS2":1538410603512345678}
{"sym":"XETHZUSD", "T":"Trade",  "P":224.5, "Q":5.185, "TS":1538410595.5968, "side": "s", "TS2":1538410603512345678}
{"sym":"XETHZUSD", "T":"Trade",  "P":224.74, "Q":1.53, "TS":1538410598.7956, "side": "s", "TS2":1538410603512345678}
{"sym":"XETHZUSD", "T":"Trade",  "P":224.7, "Q":8.47, "TS":1538410598.7998, "side": "s", "TS2":1538410603512345678}
{"sym":"XETHZUSD", "T":"Trade",  "P":224.75, "Q":0.0885, "TS":1538410601.7021, "side": "b", "TS2":1538410603512345678}
{"sym":"XETHZUSD", "T":"Trade",  "P":224.75, "Q":1.69765, "TS":1538410602.3196, "side": "b", "TS2":1538410603512345678}
{"sym":"XMLNXXBT", "T":"Trade",  "P":0.001563, "Q":4.5, "TS":1538410596.9263, "side": "s", "TS2":1538410607012345678}
{"sym":"XXBTZUSD", "T":"Trade",  "P":6520.6, "Q":0.19997, "TS":1538410589.2487, "side": "s", "TS2":1538410608312345678}
{"sym":"ADAEUR", "T":"Trade",  "P":0.071823, "Q":27912.1, "TS":1538410598.0157, "side": "b", "TS2":1538410616612345678}
{"sym":"ADAEUR", "T":"Trade",  "P":0.071825, "Q":11.007, "TS":1538410598.0216, "side": "b", "TS2":1538410616612345678}
{"sym":"ADAEUR", "T":"Trade",  "P":0.071826, "Q":15597.6, "TS":1538410598.0242, "side": "b", "TS2":1538410616612345678}
{"sym":"ADAEUR", "T":"Trade",  "P":0.071827, "Q":20766.2, "TS":1538410598.0267, "side": "b", "TS2":1538410616612345678}
{"sym":"ADAEUR", "T":"Trade",  "P":0.072055, "Q":2215.8, "TS":1538410598.0292, "side": "b", "TS2":1538410616612345678}
{"sym":"ADAEUR", "T":"Trade",  "P":0.07175, "Q":15098, "TS":1538410610.5287, "side": "s", "TS2":1538410616612345678}
{"sym":"ADAXBT", "T":"Trade",  "P":1.266e-05, "Q":1019, "TS":1538410610.4393, "side": "b", "TS2":1538410617712345678}
{"sym":"ADAXBT", "T":"Trade",  "P":1.266e-05, "Q":14094.1, "TS":1538410610.4715, "side": "b", "TS2":1538410617712345678}
{"sym":"ADAXBT", "T":"Trade",  "P":1.267e-05, "Q":1019, "TS":1538410612.212, "side": "b", "TS2":1538410617712345678}
{"sym":"XETHZUSD", "T":"Trade",  "P":224.71, "Q":5, "TS":1538410607.3997, "side": "s", "TS2":1538410624012345678}
{"sym":"XETHZUSD", "T":"Trade",  "P":224.71, "Q":6.37, "TS":1538410607.4484, "side": "s", "TS2":1538410624012345678}
{"sym":"XETHZUSD", "T":"Trade",  "P":224.7, "Q":22.9, "TS":1538410607.4751, "side": "s", "TS2":1538410624012345678}
{"sym":"XETHZUSD", "T":"Trade",  "P":224.62, "Q":15.73, "TS":1538410607.4786, "side": "s", "TS2":1538410624012345678}
{"sym":"XETHZUSD", "T":"Trade",  "P":224.75, "Q":5.90994, "TS":1538410619.0376, "side": "b", "TS2":1538410624012345678}
{"sym":"XETHZUSD", "T":"Trade",  "P":224.75, "Q":11.9225, "TS":1538410619.6336, "side": "b", "TS2":1538410624012345678}
{"sym":"XETHZUSD", "T":"Trade",  "P":224.75, "Q":5.48372, "TS":1538410620.1414, "side": "b", "TS2":1538410624012345678}
{"sym":"XETHZUSD", "T":"Trade",  "P":224.75, "Q":62.5276, "TS":1538410621.2076, "side": "b", "TS2":1538410624012345678}
{"sym":"XLTCZUSD", "T":"Trade",  "P":59.42, "Q":0.2, "TS":1538410612.4295, "side": "s", "TS2":1538410626412345678}
{"sym":"XXBTZUSD", "T":"Trade",  "P":6520.6, "Q":1.65196, "TS":1538410617.7308, "side": "s", "TS2":1538410630112345678}
{"sym":"XXBTZUSD", "T":"Trade",  "P":6520.6, "Q":0.901972, "TS":1538410628.3829, "side": "s", "TS2":1538410630112345678}
{"sym":"XXBTZUSD", "T":"Trade",  "P":6520.6, "Q":0.0980276, "TS":1538410629.1134, "side": "s", "TS2":1538410630112345678}
{"sym":"XXBTZUSD", "T":"Trade",  "P":6520.6, "Q":0.215686, "TS":1538410629.1165, "side": "s", "TS2":1538410630112345678}
{"sym":"XXLMXXBT", "T":"Trade",  "P":3.911e-05, "Q":2618.42, "TS":1538410629.9054, "side": "s", "TS2":1538410631012345678}
{"sym":"XXLMXXBT", "T":"Trade",  "P":3.902e-05, "Q":360.413, "TS":1538410629.9101, "side": "s", "TS2":1538410631012345678}
{"sym":"ADAEUR", "T":"Trade",  "P":0.07175, "Q":4901.98, "TS":1538410624.195, "side": "s", "TS2":1538410637812345678}
{"sym":"QTUMEUR", "T":"Trade",  "P":3.279, "Q":3.73, "TS":1538410634.2181, "side": "b", "TS2":1538410642912345678}
{"sym":"QTUMEUR", "T":"Trade",  "P":3.285, "Q":2, "TS":1538410634.2223, "side": "b", "TS2":1538410642912345678}
{"sym":"QTUMEUR", "T":"Trade",  "P":3.29377, "Q":4.27, "TS":1538410634.225, "side": "b", "TS2":1538410642912345678}
{"sym":"XETHZUSD", "T":"Trade",  "P":224.94, "Q":7.99, "TS":1538410623.5447, "side": "b", "TS2":1538410645712345678}
{"sym":"XETHZUSD", "T":"Trade",  "P":224.99, "Q":0.702, "TS":1538410623.5525, "side": "b", "TS2":1538410645712345678}
{"sym":"XETHZUSD", "T":"Trade",  "P":225, "Q":5.618, "TS":1538410623.5559, "side": "b", "TS2":1538410645712345678}
{"sym":"XETHZUSD", "T":"Trade",  "P":224.77, "Q":0.02, "TS":1538410624.8653, "side": "s", "TS2":1538410645712345678}
{"sym":"XETHZUSD", "T":"Trade",  "P":224.77, "Q":5, "TS":1538410625.9885, "side": "s", "TS2":1538410645712345678}
{"sym":"XETHZUSD", "T":"Trade",  "P":225, "Q":30.2, "TS":1538410627.7956, "side": "b", "TS2":1538410645712345678}
{"sym":"XETHZUSD", "T":"Trade",  "P":225, "Q":0.0884, "TS":1538410633.7132, "side": "b", "TS2":1538410645712345678}
{"sym":"XETHZUSD", "T":"Trade",  "P":225, "Q":40.09, "TS":1538410635.204, "side": "b", "TS2":1538410645712345678}
{"sym":"XETHZUSD", "T":"Trade",  "P":225, "Q":2.0036, "TS":1538410636.8816, "side": "b", "TS2":1538410645712345678}
{"sym":"XETHZUSD", "T":"Trade",  "P":225.38, "Q":19.3807, "TS":1538410639.8481, "side": "b", "TS2":1538410645712345678}
{"sym":"XETHZUSD", "T":"Trade",  "P":225.38, "Q":0.02, "TS":1538410639.851, "side": "b", "TS2":1538410645712345678}
{"sym":"XETHZUSD", "T":"Trade",  "P":225.38, "Q":24.506, "TS":1538410639.8531, "side": "b", "TS2":1538410645712345678}
{"sym":"XETHZUSD", "T":"Trade",  "P":225.38, "Q":18.1795, "TS":1538410639.8553, "side": "b", "TS2":1538410645712345678}
{"sym":"XETHZUSD", "T":"Trade",  "P":225.44, "Q":0.629, "TS":1538410644.2978, "side": "b", "TS2":1538410645712345678}
{"sym":"XLTCZUSD", "T":"Trade",  "P":59.47, "Q":0.1, "TS":1538410640.8544, "side": "b", "TS2":1538410647412345678}
{"sym":"XXBTZUSD", "T":"Trade",  "P":6520.6, "Q":0.207582, "TS":1538410630.2034, "side": "s", "TS2":1538410649512345678}
{"sym":"XXBTZUSD", "T":"Trade",  "P":6520.6, "Q":0.010703, "TS":1538410630.6368, "side": "s", "TS2":1538410649512345678}
{"sym":"XXBTZUSD", "T":"Trade",  "P":6520.6, "Q":0.566029, "TS":1538410635.2335, "side": "s", "TS2":1538410649512345678}
{"sym":"XXBTZUSD", "T":"Trade",  "P":6520.6, "Q":0.433971, "TS":1538410635.2376, "side": "s", "TS2":1538410649512345678}
{"sym":"XXBTZUSD", "T":"Trade",  "P":6520.7, "Q":0.989241, "TS":1538410639.5923, "side": "b", "TS2":1538410649512345678}
{"sym":"ADAEUR", "T":"Trade",  "P":0.071804, "Q":376.771, "TS":1538410638.3868, "side": "b", "TS2":1538410658112345678}
{"sym":"ADAEUR", "T":"Trade",  "P":0.072054, "Q":3085.28, "TS":1538410638.3905, "side": "b", "TS2":1538410658112345678}
{"sym":"ADAEUR", "T":"Trade",  "P":0.0718, "Q":8030.97, "TS":1538410642.8781, "side": "s", "TS2":1538410658112345678}
{"sym":"ADAEUR", "T":"Trade",  "P":0.0718, "Q":3438.56, "TS":1538410643.3214, "side": "s", "TS2":1538410658112345678}
{"sym":"ADAEUR", "T":"Trade",  "P":0.071704, "Q":6.79333, "TS":1538410645.2143, "side": "s", "TS2":1538410658112345678}
{"sym":"ADAXBT", "T":"Trade",  "P":1.266e-05, "Q":1537.17, "TS":1538410640.9417, "side": "s", "TS2":1538410658812345678}
{"sym":"ADAXBT", "T":"Trade",  "P":1.266e-05, "Q":798, "TS":1538410642.4433, "side": "s", "TS2":1538410658812345678}
{"sym":"ADAXBT", "T":"Trade",  "P":1.267e-05, "Q":8039.01, "TS":1538410642.885, "side": "b", "TS2":1538410658812345678}
{"sym":"QTUMEUR", "T":"Trade",  "P":3.293, "Q":92, "TS":1538410660.2331, "side": "b", "TS2":1538410661912345678}
{"sym":"XETHZUSD", "T":"Trade",  "P":225.61, "Q":10, "TS":1538410663.2496, "side": "b", "TS2":1538410666212345678}
{"sym":"XETHZUSD", "T":"Trade",  "P":225.69, "Q":1, "TS":1538410663.26, "side": "b", "TS2":1538410666212345678}
{"sym":"XETHZUSD", "T":"Trade",  "P":225.69, "Q":4, "TS":1538410663.3509, "side": "b", "TS2":1538410666212345678}
{"sym":"XETHZUSD", "T":"Trade",  "P":225.7, "Q":1, "TS":1538410663.3551, "side": "b", "TS2":1538410666212345678}
{"sym":"XXRPXXBT", "T":"Trade",  "P":8.323e-05, "Q":215.073, "TS":1538410653.0206, "side": "b", "TS2":1538410671812345678}
{"sym":"XXRPXXBT", "T":"Trade",  "P":8.335e-05, "Q":786.552, "TS":1538410666.7484, "side": "b", "TS2":1538410671812345678}
{"sym":"XETHZUSD", "T":"Trade",  "P":225.47, "Q":0.599171, "TS":1538410672.3742, "side": "s", "TS2":1538410684112345678}
{"sym":"XETHZUSD", "T":"Trade",  "P":225.47, "Q":0.00154855, "TS":1538410672.3765, "side": "s", "TS2":1538410684112345678}
{"sym":"XETHZUSD", "T":"Trade",  "P":225.59, "Q":0.02, "TS":1538410683.9151, "side": "s", "TS2":1538410684112345678}
{"sym":"XLTCZUSD", "T":"Trade",  "P":59.61, "Q":0.8, "TS":1538410672.3119, "side": "s", "TS2":1538410685812345678}
{"sym":"XETHXXBT", "T":"Trade",  "P":0.03456, "Q":19.9476, "TS":1538410701.6157, "side": "s", "TS2":1538410712612345678}
{"sym":"XETHXXBT", "T":"Trade",  "P":0.03456, "Q":0.0517292, "TS":1538410701.6223, "side": "s", "TS2":1538410712612345678}
{"sym":"XETHXXBT", "T":"Trade",  "P":0.03456, "Q":0.00013285, "TS":1538410701.6243, "side": "s", "TS2":1538410712612345678}
{"sym":"XETHZUSD", "T":"Trade",  "P":225.69, "Q":0.562, "TS":1538410700.1933, "side": "b", "TS2":1538410713512345678}
{"sym":"XLTCXXBT", "T":"Trade",  "P":0.009111, "Q":0.453396, "TS":1538410690.6396, "side": "s", "TS2":1538410714812345678}
{"sym":"XXRPXXBT", "T":"Trade",  "P":8.335e-05, "Q":115.722, "TS":1538410708.2987, "side": "b", "TS2":1538410720312345678}
{"sym":"XXRPXXBT", "T":"Trade",  "P":8.335e-05, "Q":46.4942, "TS":1538410709.1109, "side": "b", "TS2":1538410720312345678}
{"sym":"QTUMXBT", "T":"Trade",  "P":0.0005789, "Q":10, "TS":1538410731.66, "side": "b", "TS2":1538410731712345678}
{"sym":"XETHZUSD", "T":"Trade",  "P":225.61, "Q":8, "TS":1538410724.8765, "side": "s", "TS2":1538410733612345678}
{"sym":"XETHZUSD", "T":"Trade",  "P":225.59, "Q":5, "TS":1538410724.8804, "side": "s", "TS2":1538410733612345678}
{"sym":"XETHZUSD", "T":"Trade",  "P":225.58, "Q":9.62, "TS":1538410724.8834, "side": "s", "TS2":1538410733612345678}
{"sym":"XETHZUSD", "T":"Trade",  "P":225.58, "Q":35.746, "TS":1538410724.8869, "side": "s", "TS2":1538410733612345678}
{"sym":"XETHZUSD", "T":"Trade",  "P":225.47, "Q":4.39928, "TS":1538410724.8897, "side": "s", "TS2":1538410733612345678}
{"sym":"XETHZUSD", "T":"Trade",  "P":225.47, "Q":5, "TS":1538410724.8924, "side": "s", "TS2":1538410733612345678}
{"sym":"XETHZUSD", "T":"Trade",  "P":225.44, "Q":2.21788, "TS":1538410724.8961, "side": "s", "TS2":1538410733612345678}
{"sym":"XETHZUSD", "T":"Trade",  "P":225.4, "Q":0.013, "TS":1538410724.8997, "side": "s", "TS2":1538410733612345678}
{"sym":"XETHZUSD", "T":"Trade",  "P":225.39, "Q":6, "TS":1538410724.9027, "side": "s", "TS2":1538410733612345678}
{"sym":"XETHZUSD", "T":"Trade",  "P":225.14, "Q":6.62383, "TS":1538410724.9054, "side": "s", "TS2":1538410733612345678}
{"sym":"XETHZUSD", "T":"Trade",  "P":225.7, "Q":0.826603, "TS":1538410730.4405, "side": "b", "TS2":1538410733612345678}
{"sym":"XLTCZUSD", "T":"Trade",  "P":59.63, "Q":2.9, "TS":1538410736.0542, "side": "s", "TS2":1538410737312345678}
{"sym":"XMLNXETH", "T":"Trade",  "P":0.04479, "Q":3.8262, "TS":1538410724.8377, "side": "s", "TS2":1538410738212345678}
{"sym":"XMLNXETH", "T":"Trade",  "P":0.04479, "Q":0.00980327, "TS":1538410724.8479, "side": "s", "TS2":1538410738212345678}
{"sym":"XXBTZUSD", "T":"Trade",  "P":6527.1, "Q":0.0326095, "TS":1538410729.0575, "side": "s", "TS2":1538410740112345678}
{"sym":"XXBTZUSD", "T":"Trade",  "P":6527.1, "Q":0.002465, "TS":1538410729.061, "side": "s", "TS2":1538410740112345678}
{"sym":"XXBTZUSD", "T":"Trade",  "P":6527.1, "Q":0.002463, "TS":1538410729.0631, "side": "s", "TS2":1538410740112345678}
{"sym":"XXBTZUSD", "T":"Trade",  "P":6527.1, "Q":0.282654, "TS":1538410729.0653, "side": "s", "TS2":1538410740112345678}
{"sym":"XXBTZUSD", "T":"Trade",  "P":6527.1, "Q":0.00072863, "TS":1538410729.0671, "side": "s", "TS2":1538410740112345678}
{"sym":"XXBTZUSD", "T":"Trade",  "P":6527.2, "Q":0.925709, "TS":1538410731.8807, "side": "s", "TS2":1538410740112345678}
{"sym":"XXRPXXBT", "T":"Trade",  "P":8.332e-05, "Q":183, "TS":1538410721.5175, "side": "s", "TS2":1538410741712345678}
{"sym":"XXRPXXBT", "T":"Trade",  "P":8.332e-05, "Q":0.16, "TS":1538410721.5584, "side": "s", "TS2":1538410741712345678}
{"sym":"XXRPXXBT", "T":"Trade",  "P":8.332e-05, "Q":6999.84, "TS":1538410721.5621, "side": "s", "TS2":1538410741712345678}
{"sym":"ADAEUR", "T":"Trade",  "P":0.072051, "Q":45, "TS":1538410733.2248, "side": "b", "TS2":1538410747812345678}
{"sym":"ADAEUR", "T":"Trade",  "P":0.072051, "Q":1080, "TS":1538410739.7464, "side": "b", "TS2":1538410747812345678}
{"sym":"XETHXXBT", "T":"Trade",  "P":0.03455, "Q":0.458244, "TS":1538410746.7625, "side": "s", "TS2":1538410755912345678}
{"sym":"XETHZUSD", "T":"Trade",  "P":225.69, "Q":10, "TS":1538410747.1132, "side": "s", "TS2":1538410756212345678}
{"sym":"ADAEUR", "T":"Trade",  "P":0.07205, "Q":1816.89, "TS":1538410751.4456, "side": "b", "TS2":1538410768812345678}
{"sym":"ADAEUR", "T":"Trade",  "P":0.072051, "Q":911.113, "TS":1538410751.4555, "side": "b", "TS2":1538410768812345678}
{"sym":"ADAEUR", "T":"Trade",  "P":0.072052, "Q":1315, "TS":1538410751.4587, "side": "b", "TS2":1538410768812345678}
{"sym":"ADAEUR", "T":"Trade",  "P":0.072052, "Q":1055.3, "TS":1538410764.851, "side": "b", "TS2":1538410768812345678}
{"sym":"ADAEUR", "T":"Trade",  "P":0.072053, "Q":1537.17, "TS":1538410764.8562, "side": "b", "TS2":1538410768812345678}
{"sym":"ADAEUR", "T":"Trade",  "P":0.072055, "Q":407.529, "TS":1538410764.859, "side": "b", "TS2":1538410768812345678}
{"sym":"XETHZUSD", "T":"Trade",  "P":225.6, "Q":1, "TS":1538410757.3565, "side": "b", "TS2":1538410776412345678}
{"sym":"XLTCZUSD", "T":"Trade",  "P":59.64, "Q":0.1, "TS":1538410766.3217, "side": "b", "TS2":1538410778312345678}
{"sym":"XETHZUSD", "T":"Trade",  "P":225.38, "Q":5, "TS":1538410778.1736, "side": "s", "TS2":1538410795212345678}
{"sym":"XETHZUSD", "T":"Trade",  "P":225.35, "Q":5, "TS":1538410778.189, "side": "s", "TS2":1538410795212345678}
{"sym":"XETHZUSD", "T":"Trade",  "P":225.35, "Q":5, "TS":1538410778.2099, "side": "s", "TS2":1538410795212345678}
{"sym":"XETHZUSD", "T":"Trade",  "P":225.31, "Q":5, "TS":1538410778.2131, "side": "s", "TS2":1538410795212345678}
{"sym":"XETHZUSD", "T":"Trade",  "P":225.31, "Q":5, "TS":1538410778.2163, "side": "s", "TS2":1538410795212345678}
{"sym":"XETHZUSD", "T":"Trade",  "P":225.22, "Q":25, "TS":1538410778.2193, "side": "s", "TS2":1538410795212345678}
{"sym":"ADAEUR", "T":"Trade",  "P":0.07207, "Q":170.569, "TS":1538410789.3459, "side": "b", "TS2":1538410809112345678}
{"sym":"ADAEUR", "T":"Trade",  "P":0.072071, "Q":1213.35, "TS":1538410789.3535, "side": "b", "TS2":1538410809112345678}
{"sym":"XETHZUSD", "T":"Trade",  "P":225.55, "Q":0.02, "TS":1538410804.2398, "side": "s", "TS2":1538410816512345678}
{"sym":"XETHZUSD", "T":"Trade",  "P":225.42, "Q":3, "TS":1538410806.7573, "side": "s", "TS2":1538410816512345678}
{"sym":"XETHZUSD", "T":"Trade",  "P":225.3, "Q":5, "TS":1538410806.7664, "side": "s", "TS2":1538410816512345678}
{"sym":"XETHZUSD", "T":"Trade",  "P":225.16, "Q":4.049, "TS":1538410806.7693, "side": "s", "TS2":1538410816512345678}
{"sym":"XETHZUSD", "T":"Trade",  "P":225.15, "Q":0.091375, "TS":1538410806.7726, "side": "s", "TS2":1538410816512345678}
{"sym":"XETHZUSD", "T":"Trade",  "P":225.15, "Q":0.24, "TS":1538410806.7907, "side": "s", "TS2":1538410816512345678}
{"sym":"XETHZUSD", "T":"Trade",  "P":225.15, "Q":0.5, "TS":1538410806.7944, "side": "s", "TS2":1538410816512345678}
{"sym":"XETHZUSD", "T":"Trade",  "P":225.15, "Q":0.048625, "TS":1538410806.7981, "side": "s", "TS2":1538410816512345678}
{"sym":"XETHZUSD", "T":"Trade",  "P":225.14, "Q":2.071, "TS":1538410806.8011, "side": "s", "TS2":1538410816512345678}
{"sym":"XETHZUSD", "T":"Trade",  "P":225.58, "Q":5, "TS":1538410807.686, "side": "b", "TS2":1538410816512345678}
{"sym":"XETHZUSD", "T":"Trade",  "P":225.58, "Q":5, "TS":1538410807.6916, "side": "b", "TS2":1538410816512345678}
{"sym":"XETHZUSD", "T":"Trade",  "P":225.57, "Q":16.8162, "TS":1538410815.8568, "side": "s", "TS2":1538410816512345678}
{"sym":"XICNXETH", "T":"Trade",  "P":0.001697, "Q":12.8358, "TS":1538410796.1375, "side": "b", "TS2":1538410817012345678}
{"sym":"XICNXETH", "T":"Trade",  "P":0.001698, "Q":30, "TS":1538410796.1672, "side": "b", "TS2":1538410817012345678}
{"sym":"XICNXETH", "T":"Trade",  "P":0.001699, "Q":169.683, "TS":1538410796.17, "side": "b", "TS2":1538410817012345678}
{"sym":"XXBTZUSD", "T":"Trade",  "P":6528.9, "Q":0.28, "TS":1538410815.9505, "side": "s", "TS2":1538410821112345678}
{"sym":"XETCXETH", "T":"Trade",  "P":0.049067, "Q":1.26982, "TS":1538410825.8861, "side": "s", "TS2":1538410835312345678}
{"sym":"XETCXETH", "T":"Trade",  "P":0.049067, "Q":0.00318194, "TS":1538410825.8972, "side": "s", "TS2":1538410835312345678}
{"sym":"XETHXXBT", "T":"Trade",  "P":0.03456, "Q":1.36, "TS":1538410833.5704, "side": "b", "TS2":1538410836312345678}
{"sym":"ADAEUR", "T":"Trade",  "P":0.072071, "Q":3000, "TS":1538410849.1563, "side": "b", "TS2":1538410850112345678}
{"sym":"ADAXBT", "T":"Trade",  "P":1.271e-05, "Q":66.341, "TS":1538410844.8094, "side": "s", "TS2":1538410851412345678}
{"sym":"ADAXBT", "T":"Trade",  "P":1.271e-05, "Q":801.878, "TS":1538410844.8236, "side": "s", "TS2":1538410851412345678}
{"sym":"ADAXBT", "T":"Trade",  "P":1.271e-05, "Q":1473.76, "TS":1538410844.8262, "side": "s", "TS2":1538410851412345678}
{"sym":"ADAXBT", "T":"Trade",  "P":1.271e-05, "Q":2428.02, "TS":1538410844.8288, "side": "s", "TS2":1538410851412345678}
{"sym":"ADAXBT", "T":"Trade",  "P":1.271e-05, "Q":1891, "TS":1538410851.2253, "side": "s", "TS2":1538410851412345678}
{"sym":"XETHZUSD", "T":"Trade",  "P":225.25, "Q":2, "TS":1538410839.2196, "side": "s", "TS2":1538410856712345678}
{"sym":"XETHZUSD", "T":"Trade",  "P":225.18, "Q":5, "TS":1538410839.2374, "side": "s", "TS2":1538410856712345678}
{"sym":"XETHZUSD", "T":"Trade",  "P":225.17, "Q":2.423, "TS":1538410839.2404, "side": "s", "TS2":1538410856712345678}
{"sym":"XETHZUSD", "T":"Trade",  "P":225.05, "Q":0.577, "TS":1538410839.2438, "side": "s", "TS2":1538410856712345678}
{"sym":"ADAXBT", "T":"Trade",  "P":1.271e-05, "Q":0.749446, "TS":1538410857.3037, "side": "s", "TS2":1538410871312345678}
{"sym":"ADAXBT", "T":"Trade",  "P":1.27e-05, "Q":1890.25, "TS":1538410857.3072, "side": "s", "TS2":1538410871312345678}
{"sym":"ADAXBT", "T":"Trade",  "P":1.27e-05, "Q":1381, "TS":1538410864.7242, "side": "s", "TS2":1538410871312345678}
{"sym":"ADAXBT", "T":"Trade",  "P":1.27e-05, "Q":1381, "TS":1538410870.4124, "side": "s", "TS2":1538410871312345678}
{"sym":"XETHZUSD", "T":"Trade",  "P":225.06, "Q":0.16, "TS":1538410863.8065, "side": "s", "TS2":1538410877012345678}
{"sym":"XETHZUSD", "T":"Trade",  "P":225.08, "Q":0.02, "TS":1538410868.9865, "side": "s", "TS2":1538410877012345678}
{"sym":"XETHZUSD", "T":"Trade",  "P":225.08, "Q":1.33721, "TS":1538410874.261, "side": "s", "TS2":1538410877012345678}
{"sym":"XETHZUSD", "T":"Trade",  "P":225.08, "Q":0.00346772, "TS":1538410874.2726, "side": "s", "TS2":1538410877012345678}
{"sym":"XETHZUSD", "T":"Trade",  "P":225.08, "Q":3.63e-06, "TS":1538410874.2754, "side": "s", "TS2":1538410877012345678}
{"sym":"XXBTZUSD", "T":"Trade",  "P":6528.9, "Q":1, "TS":1538410869.3101, "side": "b", "TS2":1538410880712345678}
{"sym":"XXBTZUSD", "T":"Trade",  "P":6528.9, "Q":1, "TS":1538410869.3147, "side": "b", "TS2":1538410880712345678}
{"sym":"XXBTZUSD", "T":"Trade",  "P":6529, "Q":0.869898, "TS":1538410869.3179, "side": "b", "TS2":1538410880712345678}
{"sym":"XXBTZUSD", "T":"Trade",  "P":6529.1, "Q":0.002, "TS":1538410869.3214, "side": "b", "TS2":1538410880712345678}
{"sym":"XXBTZUSD", "T":"Trade",  "P":6530, "Q":0.303355, "TS":1538410869.3242, "side": "b", "TS2":1538410880712345678}
{"sym":"ADAEUR", "T":"Trade",  "P":0.072071, "Q":1821.74, "TS":1538410871.8822, "side": "b", "TS2":1538410888312345678}
{"sym":"ADAXBT", "T":"Trade",  "P":1.271e-05, "Q":3851.95, "TS":1538410879.3036, "side": "b", "TS2":1538410889312345678}
{"sym":"XXBTZUSD", "T":"Trade",  "P":6528.1, "Q":0.0388127, "TS":1538410903.6391, "side": "b", "TS2":1538410918912345678}
{"sym":"XXBTZUSD", "T":"Trade",  "P":6528.1, "Q":0.04, "TS":1538410903.654, "side": "b", "TS2":1538410918912345678}
{"sym":"XXBTZUSD", "T":"Trade",  "P":6528.1, "Q":0.0413377, "TS":1538410903.6572, "side": "b", "TS2":1538410918912345678}
{"sym":"XXBTZUSD", "T":"Trade",  "P":6529.6, "Q":0.02, "TS":1538410903.6619, "side": "b", "TS2":1538410918912345678}
{"sym":"XETHZUSD", "T":"Trade",  "P":225.41, "Q":0.268, "TS":1538410921.0451, "side": "s", "TS2":1538410941312345678}
{"sym":"XETHZUSD", "T":"Trade",  "P":225.09, "Q":5, "TS":1538410923.8497, "side": "s", "TS2":1538410941312345678}
{"sym":"XETHZUSD", "T":"Trade",  "P":225.08, "Q":1.63932, "TS":1538410923.8561, "side": "s", "TS2":1538410941312345678}
{"sym":"XETHZUSD", "T":"Trade",  "P":225.02, "Q":0.150462, "TS":1538410923.8603, "side": "s", "TS2":1538410941312345678}
{"sym":"XETHZUSD", "T":"Trade",  "P":225, "Q":0.5, "TS":1538410923.8658, "side": "s", "TS2":1538410941312345678}
{"sym":"XETHZUSD", "T":"Trade",  "P":225, "Q":0.436009, "TS":1538410923.8693, "side": "s", "TS2":1538410941312345678}
{"sym":"XETHZUSD", "T":"Trade",  "P":224.97, "Q":3.27421, "TS":1538410923.8725, "side": "s", "TS2":1538410941312345678}
{"sym":"XETHZUSD", "T":"Trade",  "P":225.05, "Q":0.02, "TS":1538410926.1308, "side": "b", "TS2":1538410941312345678}
{"sym":"XXBTZUSD", "T":"Trade",  "P":6530, "Q":1.25628, "TS":1538410931.5517, "side": "s", "TS2":1538410947012345678}
{"sym":"XXBTZUSD", "T":"Trade",  "P":6530, "Q":0.603572, "TS":1538410931.5619, "side": "s", "TS2":1538410947012345678}
{"sym":"XXBTZUSD", "T":"Trade",  "P":6530, "Q":0.04, "TS":1538410931.5643, "side": "s", "TS2":1538410947012345678}
{"sym":"XXBTZUSD", "T":"Trade",  "P":6530, "Q":0.46, "TS":1538410931.5666, "side": "s", "TS2":1538410947012345678}
{"sym":"XXBTZUSD", "T":"Trade",  "P":6528.9, "Q":0.27876, "TS":1538410931.5701, "side": "s", "TS2":1538410947012345678}
{"sym":"XXBTZUSD", "T":"Trade",  "P":6528.6, "Q":0.13, "TS":1538410931.5728, "side": "s", "TS2":1538410947012345678}
{"sym":"XXBTZUSD", "T":"Trade",  "P":6528, "Q":2.23139, "TS":1538410931.5759, "side": "s", "TS2":1538410947012345678}
{"sym":"XETHZUSD", "T":"Trade",  "P":225.62, "Q":0.836, "TS":1538410957.0017, "side": "b", "TS2":1538410964912345678}
{"sym":"XETHZUSD", "T":"Trade",  "P":225.65, "Q":19.164, "TS":1538410957.0204, "side": "b", "TS2":1538410964912345678}
{"sym":"XLTCZUSD", "T":"Trade",  "P":59.62, "Q":2, "TS":1538410944.9235, "side": "s", "TS2":1538410967012345678}
{"sym":"XLTCZUSD", "T":"Trade",  "P":59.62, "Q":2, "TS":1538410950.6067, "side": "s", "TS2":1538410967012345678}
{"sym":"XXBTZUSD", "T":"Trade",  "P":6528.3, "Q":0.372, "TS":1538410948.8786, "side": "s", "TS2":1538410970112345678}
{"sym":"XXBTZUSD", "T":"Trade",  "P":6528.2, "Q":1, "TS":1538410948.8924, "side": "s", "TS2":1538410970112345678}
{"sym":"XXBTZUSD", "T":"Trade",  "P":6528.2, "Q":3.061, "TS":1538410948.8953, "side": "s", "TS2":1538410970112345678}
{"sym":"XXBTZUSD", "T":"Trade",  "P":6528.2, "Q":0.29, "TS":1538410948.8978, "side": "s", "TS2":1538410970112345678}
{"sym":"XXBTZUSD", "T":"Trade",  "P":6528.1, "Q":0.277, "TS":1538410948.9003, "side": "s", "TS2":1538410970112345678}
{"sym":"XXBTZUSD", "T":"Trade",  "P":6530.9, "Q":0.00238081, "TS":1538410960.8149, "side": "b", "TS2":1538410970112345678}
{"sym":"XXBTZUSD", "T":"Trade",  "P":6528.1, "Q":0.15, "TS":1538410966.3568, "side": "s", "TS2":1538410970112345678}
{"sym":"XXBTZUSD", "T":"Trade",  "P":6528, "Q":2.00761, "TS":1538410966.367, "side": "s", "TS2":1538410970112345678}
{"sym":"XXBTZUSD", "T":"Trade",  "P":6526.8, "Q":0.84239, "TS":1538410966.3699, "side": "s", "TS2":1538410970112345678}
{"sym":"ADAEUR", "T":"Trade",  "P":0.071712, "Q":346.38, "TS":1538410961.431, "side": "s", "TS2":1538410977712345678}
{"sym":"ADAEUR", "T":"Trade",  "P":0.071712, "Q":0.898251, "TS":1538410961.4348, "side": "s", "TS2":1538410977712345678}
{"sym":"ADAEUR", "T":"Trade",  "P":0.071712, "Q":0.00232939, "TS":1538410961.4369, "side": "s", "TS2":1538410977712345678}
{"sym":"XETHZUSD", "T":"Trade",  "P":225.42, "Q":0.02, "TS":1538410984.7758, "side": "s", "TS2":1538410985212345678}
{"sym":"XLTCZUSD", "T":"Trade",  "P":59.62, "Q":2, "TS":1538410985.1027, "side": "s", "TS2":1538410986912345678}
{"sym":"XXBTZUSD", "T":"Trade",  "P":6527, "Q":0.15, "TS":1538410978.1928, "side": "s", "TS2":1538410989012345678}
{"sym":"XXBTZUSD", "T":"Trade",  "P":6527, "Q":0.5, "TS":1538410978.226, "side": "s", "TS2":1538410989012345678}
{"sym":"XXBTZUSD", "T":"Trade",  "P":6526.9, "Q":0.35, "TS":1538410978.2318, "side": "s", "TS2":1538410989012345678}
{"sym":"XXBTZUSD", "T":"Trade",  "P":6527.1, "Q":0.15, "TS":1538410994.4887, "side": "s", "TS2":1538411008612345678}
{"sym":"XXBTZUSD", "T":"Trade",  "P":6526.9, "Q":0.35, "TS":1538410994.4972, "side": "s", "TS2":1538411008612345678}
{"sym":"XXBTZUSD", "T":"Trade",  "P":6527.5, "Q":0.15, "TS":1538411014.2195, "side": "s", "TS2":1538411027312345678}
{"sym":"XXBTZUSD", "T":"Trade",  "P":6527, "Q":0.15, "TS":1538411023.3578, "side": "s", "TS2":1538411027312345678}
{"sym":"XXBTZUSD", "T":"Trade",  "P":6526.9, "Q":0.3, "TS":1538411023.3641, "side": "s", "TS2":1538411027312345678}
{"sym":"XXBTZUSD", "T":"Trade",  "P":6521.7, "Q":0.037175, "TS":1538411023.3679, "side": "s", "TS2":1538411027312345678}
{"sym":"XXBTZUSD", "T":"Trade",  "P":6521.1, "Q":3.061, "TS":1538411023.3714, "side": "s", "TS2":1538411027312345678}
{"sym":"XXBTZUSD", "T":"Trade",  "P":6520.7, "Q":1.45182, "TS":1538411023.375, "side": "s", "TS2":1538411027312345678}
{"sym":"XXRPXXBT", "T":"Trade",  "P":8.351e-05, "Q":200, "TS":1538411018.063, "side": "b", "TS2":1538411029112345678}
{"sym":"ADAXBT", "T":"Trade",  "P":1.271e-05, "Q":275.134, "TS":1538411028.8274, "side": "s", "TS2":1538411035712345678}
{"sym":"ADAXBT", "T":"Trade",  "P":1.271e-05, "Q":2791.91, "TS":1538411028.8341, "side": "s", "TS2":1538411035712345678}
{"sym":"XXBTZUSD", "T":"Trade",  "P":6527.1, "Q":1, "TS":1538411033.7015, "side": "s", "TS2":1538411046412345678}
{"sym":"XXBTZUSD", "T":"Trade",  "P":6525.2, "Q":0.15, "TS":1538411033.7137, "side": "s", "TS2":1538411046412345678}
{"sym":"XXBTZUSD", "T":"Trade",  "P":6523.5, "Q":1, "TS":1538411033.7163, "side": "s", "TS2":1538411046412345678}
{"sym":"XXBTZUSD", "T":"Trade",  "P":6521.7, "Q":0.04, "TS":1538411033.7192, "side": "s", "TS2":1538411046412345678}
{"sym":"XXBTZUSD", "T":"Trade",  "P":6520.7, "Q":2.81, "TS":1538411033.7228, "side": "s", "TS2":1538411046412345678}
{"sym":"ADAUSD", "T":"Trade",  "P":0.082383, "Q":2992.22, "TS":1538411046.9147, "side": "s", "TS2":1538411055012345678}
{"sym":"ADAUSD", "T":"Trade",  "P":0.082383, "Q":7.7596, "TS":1538411046.9209, "side": "s", "TS2":1538411055012345678}
{"sym":"ADAUSD", "T":"Trade",  "P":0.082383, "Q":0.0201226, "TS":1538411046.9232, "side": "s", "TS2":1538411055012345678}
{"sym":"ADAUSD", "T":"Trade",  "P":0.082383, "Q":5.218e-05, "TS":1538411046.9255, "side": "s", "TS2":1538411055012345678}
{"sym":"ADAXBT", "T":"Trade",  "P":1.271e-05, "Q":1595, "TS":1538411040.8049, "side": "s", "TS2":1538411056712345678}
{"sym":"XETHZUSD", "T":"Trade",  "P":225.46, "Q":0.02, "TS":1538411045.2094, "side": "s", "TS2":1538411063812345678}
{"sym":"XETHZUSD", "T":"Trade",  "P":225.63, "Q":5, "TS":1538411047.0368, "side": "s", "TS2":1538411063812345678}
{"sym":"XETHZUSD", "T":"Trade",  "P":225.5, "Q":0.0816569, "TS":1538411049.2241, "side": "b", "TS2":1538411063812345678}
{"sym":"XETHZUSD", "T":"Trade",  "P":225.5, "Q":14.9183, "TS":1538411051.8657, "side": "b", "TS2":1538411063812345678}
{"sym":"XXBTZUSD", "T":"Trade",  "P":6527.2, "Q":0.29, "TS":1538411056.242, "side": "s", "TS2":1538411068112345678}
{"sym":"ADAEUR", "T":"Trade",  "P":0.072723, "Q":2743.03, "TS":1538411064.1056, "side": "b", "TS2":1538411077612345678}
{"sym":"XETHXXBT", "T":"Trade",  "P":0.0346, "Q":0.0839065, "TS":1538411082.4123, "side": "b", "TS2":1538411085312345678}
{"sym":"XETHXXBT", "T":"Trade",  "P":0.0346, "Q":0.084165, "TS":1538411082.9605, "side": "b", "TS2":1538411085312345678}
{"sym":"XETHZUSD", "T":"Trade",  "P":225.73, "Q":0.3, "TS":1538411082.9195, "side": "b", "TS2":1538411085612345678}
{"sym":"XETHZUSD", "T":"Trade",  "P":225.75, "Q":0.29755, "TS":1538411082.9238, "side": "b", "TS2":1538411085612345678}
{"sym":"XZECXXBT", "T":"Trade",  "P":0.01947, "Q":0.149159, "TS":1538411082.5662, "side": "s", "TS2":1538411095012345678}
{"sym":"XXBTZUSD", "T":"Trade",  "P":6529.8, "Q":0.173307, "TS":1538411115.0664, "side": "b", "TS2":1538411116012345678}
{"sym":"XZECXXBT", "T":"Trade",  "P":0.01942, "Q":0.15, "TS":1538411099.9744, "side": "s", "TS2":1538411118512345678}
{"sym":"XXBTZUSD", "T":"Trade",  "P":6527.2, "Q":0.0525284, "TS":1538411125.4197, "side": "s", "TS2":1538411153312345678}
{"sym":"XXBTZUSD", "T":"Trade",  "P":6527.2, "Q":0.00013155, "TS":1538411125.4292, "side": "s", "TS2":1538411153312345678}
{"sym":"XXBTZUSD", "T":"Trade",  "P":6529.4, "Q":0.051585, "TS":1538411151.7542, "side": "b", "TS2":1538411153312345678}
{"sym":"XXRPXXBT", "T":"Trade",  "P":8.351e-05, "Q":748.297, "TS":1538411117.5283, "side": "b", "TS2":1538411155312345678}
{"sym":"ADAEUR", "T":"Trade",  "P":0.071729, "Q":199.521, "TS":1538411148.8684, "side": "s", "TS2":1538411161112345678}
{"sym":"ADAEUR", "T":"Trade",  "P":0.071729, "Q":0.477704, "TS":1538411148.8793, "side": "s", "TS2":1538411161112345678}
{"sym":"ADAEUR", "T":"Trade",  "P":0.071729, "Q":0.00114375, "TS":1538411148.8813, "side": "s", "TS2":1538411161112345678}
{"sym":"ADAXBT", "T":"Trade",  "P":1.271e-05, "Q":0.0365318, "TS":1538411158.7188, "side": "s", "TS2":1538411162512345678}
{"sym":"ADAXBT", "T":"Trade",  "P":1.271e-05, "Q":3646.96, "TS":1538411158.725, "side": "s", "TS2":1538411162512345678}
{"sym":"XETHZUSD", "T":"Trade",  "P":225.74, "Q":0.299, "TS":1538411168.907, "side": "b", "TS2":1538411171512345678}
{"sym":"XETHZUSD", "T":"Trade",  "P":225.75, "Q":0.02, "TS":1538411168.9154, "side": "b", "TS2":1538411171512345678}
{"sym":"XETHZUSD", "T":"Trade",  "P":225.8, "Q":0.028, "TS":1538411168.9208, "side": "b", "TS2":1538411171512345678}
{"sym":"XETHZUSD", "T":"Trade",  "P":225.81, "Q":0.055, "TS":1538411168.9234, "side": "b", "TS2":1538411171512345678}
{"sym":"XETHZUSD", "T":"Trade",  "P":225.83, "Q":0.086, "TS":1538411168.9263, "side": "b", "TS2":1538411171512345678}
{"sym":"XETHZUSD", "T":"Trade",  "P":225.84, "Q":0.077, "TS":1538411168.9303, "side": "b", "TS2":1538411171512345678}
{"sym":"XETHZUSD", "T":"Trade",  "P":225.84, "Q":19.435, "TS":1538411168.9336, "side": "b", "TS2":1538411171512345678}
{"sym":"XETHZUSD", "T":"Trade",  "P":225.83, "Q":25.573, "TS":1538411171.4262, "side": "b", "TS2":1538411171512345678}
{"sym":"XETHZUSD", "T":"Trade",  "P":225.84, "Q":34.427, "TS":1538411171.4382, "side": "b", "TS2":1538411171512345678}
{"sym":"XXBTZUSD", "T":"Trade",  "P":6529.3, "Q":0.184776, "TS":1538411160.3778, "side": "b", "TS2":1538411176212345678}
{"sym":"XXBTZUSD", "T":"Trade",  "P":6527.2, "Q":0.005, "TS":1538411188.8748, "side": "s", "TS2":1538411201312345678}
{"sym":"XXBTZUSD", "T":"Trade",  "P":6527.2, "Q":0.002, "TS":1538411195.1185, "side": "s", "TS2":1538411201312345678}
{"sym":"ADAEUR", "T":"Trade",  "P":0.072703, "Q":343.86, "TS":1538411214.8735, "side": "b", "TS2":1538411226112345678}
{"sym":"XICNXETH", "T":"Trade",  "P":0.001696, "Q":12.771, "TS":1538411221.4841, "side": "b", "TS2":1538411234112345678}
{"sym":"XICNXETH", "T":"Trade",  "P":0.001699, "Q":45.229, "TS":1538411221.4966, "side": "b", "TS2":1538411234112345678}
{"sym":"XXBTZUSD", "T":"Trade",  "P":6528.9, "Q":0.007, "TS":1538411218.2173, "side": "s", "TS2":1538411237612345678}
{"sym":"XXBTZUSD", "T":"Trade",  "P":6529.4, "Q":0.007, "TS":1538411236.5641, "side": "s", "TS2":1538411237612345678}
{"sym":"ADAXBT", "T":"Trade",  "P":1.271e-05, "Q":0.284589, "TS":1538411244.8307, "side": "s", "TS2":1538411245812345678}
{"sym":"ADAXBT", "T":"Trade",  "P":1.271e-05, "Q":239.715, "TS":1538411244.8426, "side": "s", "TS2":1538411245812345678}
{"sym":"XXBTZUSD", "T":"Trade",  "P":6529.7, "Q":0.153146, "TS":1538411238.7839, "side": "b", "TS2":1538411256212345678}
{"sym":"XXBTZUSD", "T":"Trade",  "P":6529.6, "Q":0.141578, "TS":1538411241.2744, "side": "b", "TS2":1538411256212345678}
{"sym":"XXBTZUSD", "T":"Trade",  "P":6529.6, "Q":0.0305617, "TS":1538411241.2906, "side": "b", "TS2":1538411256212345678}
{"sym":"XXBTZUSD", "T":"Trade",  "P":6529.6, "Q":0.00656004, "TS":1538411241.294, "side": "b", "TS2":1538411256212345678}
{"sym":"XXBTZUSD", "T":"Trade",  "P":6529.6, "Q":0.068186, "TS":1538411241.2975, "side": "b", "TS2":1538411256212345678}
{"sym":"XXBTZUSD", "T":"Trade",  "P":6529.6, "Q":0.0446923, "TS":1538411241.3009, "side": "b", "TS2":1538411256212345678}
{"sym":"XXBTZUSD", "T":"Trade",  "P":6529.6, "Q":0.025, "TS":1538411241.304, "side": "b", "TS2":1538411256212345678}
{"sym":"XXBTZUSD", "T":"Trade",  "P":6529.6, "Q":0.025, "TS":1538411241.3281, "side": "b", "TS2":1538411256212345678}
{"sym":"XXBTZUSD", "T":"Trade",  "P":6529.6, "Q":0.025, "TS":1538411241.3323, "side": "b", "TS2":1538411256212345678}
{"sym":"XXBTZUSD", "T":"Trade",  "P":6529.6, "Q":0.025, "TS":1538411241.3367, "side": "b", "TS2":1538411256212345678}
{"sym":"XXBTZUSD", "T":"Trade",  "P":6529.6, "Q":0.05, "TS":1538411241.34, "side": "b", "TS2":1538411256212345678}
{"sym":"XXBTZUSD", "T":"Trade",  "P":6529.6, "Q":0.05, "TS":1538411241.3431, "side": "b", "TS2":1538411256212345678}
{"sym":"XXBTZUSD", "T":"Trade",  "P":6529.6, "Q":0.00842241, "TS":1538411241.3464, "side": "b", "TS2":1538411256212345678}
{"sym":"XXBTZUSD", "T":"Trade",  "P":6529.4, "Q":0.012, "TS":1538411242.8975, "side": "s", "TS2":1538411256212345678}
{"sym":"ADAXBT", "T":"Trade",  "P":1.271e-05, "Q":1808.78, "TS":1538411253.3181, "side": "s", "TS2":1538411265712345678}
{"sym":"ADAXBT", "T":"Trade",  "P":1.271e-05, "Q":146.532, "TS":1538411253.326, "side": "s", "TS2":1538411265712345678}
{"sym":"ADAXBT", "T":"Trade",  "P":1.271e-05, "Q":1183.69, "TS":1538411253.3288, "side": "s", "TS2":1538411265712345678}
{"sym":"ADAXBT", "T":"Trade",  "P":1.271e-05, "Q":1149.69, "TS":1538411264.8791, "side": "s", "TS2":1538411265712345678}
{"sym":"ADAXBT", "T":"Trade",  "P":1.27e-05, "Q":1823.41, "TS":1538411264.8969, "side": "s", "TS2":1538411265712345678}
{"sym":"ADAXBT", "T":"Trade",  "P":1.27e-05, "Q":165.904, "TS":1538411264.8995, "side": "s", "TS2":1538411265712345678}
{"sym":"XETCXXBT", "T":"Trade",  "P":0.001697, "Q":10, "TS":1538411267.5823, "side": "s", "TS2":1538411271812345678}
{"sym":"XETCXXBT", "T":"Trade",  "P":0.001697, "Q":10, "TS":1538411267.5932, "side": "s", "TS2":1538411271812345678}
{"sym":"XETHZUSD", "T":"Trade",  "P":225.83, "Q":3, "TS":1538411252.432, "side": "b", "TS2":1538411272912345678}
{"sym":"XXBTZUSD", "T":"Trade",  "P":6527.8, "Q":0.002, "TS":1538411272.5744, "side": "s", "TS2":1538411277112345678}
{"sym":"XXBTZUSD", "T":"Trade",  "P":6529.5, "Q":0.00976987, "TS":1538411273.1205, "side": "b", "TS2":1538411277112345678}
{"sym":"XXBTZUSD", "T":"Trade",  "P":6529.5, "Q":0.025, "TS":1538411273.127, "side": "b", "TS2":1538411277112345678}
{"sym":"XXBTZUSD", "T":"Trade",  "P":6529.5, "Q":0.00680772, "TS":1538411273.1305, "side": "b", "TS2":1538411277112345678}
{"sym":"XXBTZUSD", "T":"Trade",  "P":6529.5, "Q":0.0150655, "TS":1538411273.135, "side": "b", "TS2":1538411277112345678}
{"sym":"XXBTZUSD", "T":"Trade",  "P":6529.5, "Q":0.00993454, "TS":1538411273.1387, "side": "b", "TS2":1538411277112345678}
{"sym":"XXBTZUSD", "T":"Trade",  "P":6529.5, "Q":0.15, "TS":1538411273.1442, "side": "b", "TS2":1538411277112345678}
{"sym":"XXBTZUSD", "T":"Trade",  "P":6529.5, "Q":0.0334224, "TS":1538411273.148, "side": "b", "TS2":1538411277112345678}
{"sym":"XXRPXXBT", "T":"Trade",  "P":8.344e-05, "Q":139, "TS":1538411271.9754, "side": "s", "TS2":1538411278612345678}
{"sym":"ADAXBT", "T":"Trade",  "P":1.27e-05, "Q":618.439, "TS":1538411270.9111, "side": "s", "TS2":1538411285612345678}
{"sym":"ADAXBT", "T":"Trade",  "P":1.27e-05, "Q":2298.56, "TS":1538411270.9247, "side": "s", "TS2":1538411285612345678}
{"sym":"XETHZUSD", "T":"Trade",  "P":225.55, "Q":0.29755, "TS":1538411274.9685, "side": "s", "TS2":1538411307012345678}
{"sym":"XETHZUSD", "T":"Trade",  "P":225.48, "Q":4.6896, "TS":1538411274.9758, "side": "s", "TS2":1538411307012345678}
{"sym":"XETHZUSD", "T":"Trade",  "P":225.48, "Q":0.0121613, "TS":1538411274.978, "side": "s", "TS2":1538411307012345678}
{"sym":"XETHZUSD", "T":"Trade",  "P":225.48, "Q":2.866e-05, "TS":1538411274.9804, "side": "s", "TS2":1538411307012345678}
{"sym":"XETHZUSD", "T":"Trade",  "P":225.81, "Q":0.34, "TS":1538411276.0167, "side": "b", "TS2":1538411307012345678}
{"sym":"XETHZUSD", "T":"Trade",  "P":225.8, "Q":3, "TS":1538411285.8774, "side": "b", "TS2":1538411307012345678}
{"sym":"XETHZUSD", "T":"Trade",  "P":225.8, "Q":3, "TS":1538411285.8885, "side": "b", "TS2":1538411307012345678}
{"sym":"XETHZUSD", "T":"Trade",  "P":225.8, "Q":4, "TS":1538411285.8921, "side": "b", "TS2":1538411307012345678}
{"sym":"XLTCZUSD", "T":"Trade",  "P":59.61, "Q":0.997217, "TS":1538411301.3484, "side": "s", "TS2":1538411309212345678}
{"sym":"XLTCZUSD", "T":"Trade",  "P":59.61, "Q":0.00258604, "TS":1538411301.3587, "side": "s", "TS2":1538411309212345678}
{"sym":"XLTCZUSD", "T":"Trade",  "P":59.61, "Q":6.67e-06, "TS":1538411301.3609, "side": "s", "TS2":1538411309212345678}
{"sym":"XXBTZUSD", "T":"Trade",  "P":6527.8, "Q":0.008, "TS":1538411282.762, "side": "s", "TS2":1538411312912345678}
{"sym":"XXBTZUSD", "T":"Trade",  "P":6529.4, "Q":0.219474, "TS":1538411299.7445, "side": "b", "TS2":1538411312912345678}
{"sym":"XXBTZUSD", "T":"Trade",  "P":6528, "Q":0.003, "TS":1538411303.1798, "side": "s", "TS2":1538411312912345678}
{"sym":"XXBTZUSD", "T":"Trade",  "P":6528.2, "Q":0.007, "TS":1538411308.1813, "side": "s", "TS2":1538411312912345678}
{"sym":"ADAXBT", "T":"Trade",  "P":1.271e-05, "Q":1586.55, "TS":1538411321.0142, "side": "b", "TS2":1538411322312345678}
{"sym":"XETHZUSD", "T":"Trade",  "P":225.75, "Q":0.3, "TS":1538411325.676, "side": "b", "TS2":1538411327712345678}
{"sym":"XETHZUSD", "T":"Trade",  "P":225.78, "Q":0.63001, "TS":1538411325.6801, "side": "b", "TS2":1538411327712345678}
{"sym":"XLTCXXBT", "T":"Trade",  "P":0.009111, "Q":0.102036, "TS":1538411318.9195, "side": "s", "TS2":1538411329012345678}
{"sym":"XXBTZUSD", "T":"Trade",  "P":6528.5, "Q":0.006, "TS":1538411323.1971, "side": "s", "TS2":1538411332612345678}
{"sym":"XXBTZUSD", "T":"Trade",  "P":6528.5, "Q":0.004, "TS":1538411328.3426, "side": "s", "TS2":1538411332612345678}
{"sym":"XXBTZUSD", "T":"Trade",  "P":6529.4, "Q":0.0187714, "TS":1538411329.9994, "side": "b", "TS2":1538411332612345678}
{"sym":"XXLMXXBT", "T":"Trade",  "P":3.901e-05, "Q":1962.08, "TS":1538411330.1073, "side": "s", "TS2":1538411333612345678}
{"sym":"XZECXXBT", "T":"Trade",  "P":0.01942, "Q":0.45, "TS":1538411330.0307, "side": "s", "TS2":1538411335112345678}
{"sym":"ADAXBT", "T":"Trade",  "P":1.272e-05, "Q":120, "TS":1538411335.6888, "side": "b", "TS2":1538411341512345678}
{"sym":"ADAXBT", "T":"Trade",  "P":1.274e-05, "Q":380, "TS":1538411335.708, "side": "b", "TS2":1538411341512345678}
{"sym":"ADAXBT", "T":"Trade",  "P":1.27e-05, "Q":0.0337693, "TS":1538411341.3917, "side": "s", "TS2":1538411341512345678}
{"sym":"ADAXBT", "T":"Trade",  "P":1.27e-05, "Q":3140.41, "TS":1538411341.3947, "side": "s", "TS2":1538411341512345678}
{"sym":"QTUMEUR", "T":"Trade",  "P":3.28, "Q":25, "TS":1538411338.3608, "side": "s", "TS2":1538411344812345678}
{"sym":"QTUMXBT", "T":"Trade",  "P":0.0005786, "Q":25.025, "TS":1538411338.3157, "side": "b", "TS2":1538411345512345678}
{"sym":"XETHXXBT", "T":"Trade",  "P":0.03454, "Q":0.040772, "TS":1538411330.1482, "side": "s", "TS2":1538411347012345678}
{"sym":"XETHXXBT", "T":"Trade",  "P":0.03459, "Q":1.36, "TS":1538411343.2693, "side": "b", "TS2":1538411347012345678}
